2422 3854
261 224 305 265 DE
327 222 498 266 dormitam
522 222 763 266 contvntrroren
786 221 812 264 Ο·
835 212 878 268 17·
902 213 944 268 18.
1070 205 1090 266 9

112 368 216 440 soluit,
237 371 267 430 in
289 386 382 430 unum
405 386 499 430 ornnrs
514 378 661 440 convocat,
683 369 789 450 quibus
811 387 947 430 maxuma
963 371 1089 432 necessi·

112 454 182 514 tudo
197 459 226 514 et
239 451 408 531 plurumum
425 452 563 513 audaciae
579 455 681 514 inerat.
710 453 752 513 Eo
769 471 932 514 convenere
953 455 1116 516 senatoriis

111 535 222 597 ordinis
238 536 271 596 P.
289 532 429 596 Lentulus
444 535 533 603 Sura,
556 535 589 595 Ρ.
606 537 779 605 Autronius,
802 536 835 597 L.
851 535 966 596 Cassius
982 536 1090 614 Longi·

111 636 183 688 nus,
202 618 236 678 G.
258 617 416 694 Cethegus,
439 617 472 677 P.
490 623 519 678 et
540 617 657 679 Servius
673 618 770 680 Sullae
792 618 874 679 Servi
887 617 952 689 lilii,
970 618 1003 678 L.
1019 619 1090 681 Var-

89 701 255 779 sgnnteins,
269 700 303 770 Q.
318 700 438 768 Annius,
451 699 488 759 Μ.
501 699 623 762 Porcius
633 701 737 770 Laeca,
750 701 782 761 L.
798 701 903 770 Bestia,
920 703 954 773 Q.
968 701 1090 764 Curius:

109 789 261 861 praeterea
280 802 317 845 ex
339 784 468 862 equestri
489 783 591 845 ordine
613 784 650 844 M.
673 782 792 845 Fulvius
806 783 952 854 Nobilior,
975 784 1007 845 L.
1025 786 1117 846 Sta-t

109 865 196 936 tilius,
209 866 242 926 P.
264 866 405 927 Gabinius
427 865 542 945 Capito,
566 867 600 927 C.
625 865 792 928 Cornelius:
816 867 853 927 ad
872 867 929 926 hoc
946 866 1030 929 multi
1053 887 1090 930 ex

110 947 230 1010 coloniis
245 956 274 1010 et
291 950 464 1028 municipiis,
487 950 565 1010 domi
580 949 702 1011 nobiles.
738 950 828 1011 Erant
849 956 1003 1030 praeterea
1019 964 1115 1014 con-t

109 1031 209 1110 plures
229 1031 316 1112 paulo
339 1030 481 1094 occultius
510 1033 612 1094 consili
638 1035 759 1095 huiusce
780 1034 938 1112 participes
964 1032 1087 1104 nobiles,

76 1133 184 1194 requos
204 1118 296 1194 magis
317 1117 521 1178 dominationis
537 1134 604 1196 spes
623 1117 795 1178 hortabatur
814 1134 901 1196 quam
915 1116 1018 1194 ¹inopia
1040 1123 1091 1177 aut

109 1197 164 1260 alia
182 1199 374 1260 necessitudo.
411 1199 546 1261 Ceterum
561 1202 696 1261 inventus
712 1200 867 1279 pleraque,
888 1207 933 1260 set
951 1206 1115 1261 manumet

108 1281 268 1352 nobilium,
291 1281 429 1343 Catilinae
443 1284 566 1359 inceptis
580 1282 710 1344 larebat:
726 1282 833 1361 quibus
848 1284 878 1343 in
894 1283 952 1342 otio
967 1281 1012 1343 vel
1026 1301 1088 1344 nra·

110 1365 214 1442 gniflce
229 1364 274 1424 vel
288 1363 415 1424 molliter
429 1366 526 1424 rivere
542 1367 624 1445 copia
636 1372 707 1433 erat,
719 1367 830 1426 incerta
844 1382 899 1444 pro
911 1366 1007 1435 certis,
1025 1364 1088 1426 bel·

110 1444 172 1506 lum
192 1464 280 1524 quam
294 1463 397 1525 pacem
417 1445 573 1507 malebant.
607 1448 703 1508 Fuere
718 1449 788 1508 item
803 1466 836 1508 ea
850 1454 1021 1526 tempestate
1039 1448 1116 1526 quit

74 1529 265 1591 succederent
285 1529 323 1589 ll.
346 1529 490 1590 Licinium
512 1528 648 1592 Crassum
666 1548 726 1590 non
744 1531 880 1606 ignarum
902 1530 964 1590 eius
987 1530 1090 1592 consili

109 1613 213 1673 tuisse:
230 1613 296 1691 quia
311 1612 365 1673 Gn.
382 1612 548 1691 Pompeius,
565 1614 674 1675 invisus
691 1613 754 1690 ipsi,
772 1631 911 1691 magnum
929 1615 1089 1674 exercitum

109 1694 255 1765 ductabat,
272 1697 397 1757 cuiusvis
414 1713 485 1775 opes
499 1695 623 1757 voluisse
639 1702 741 1757 contra
758 1695 834 1758 illius
849 1698 1008 1775 potentiam
1024 1715 1088 1758 cre·

109 1795 210 1848 scere,
233 1779 320 1838 simul
334 1779 491 1848 conlisum,
513 1780 538 1838 si
556 1780 717 1840 coniuratio
733 1779 884 1849 valuisset,
905 1779 989 1840 iacile
1011 1780 1089 1858 apud

109 1859 174 1920 illos
189 1861 352 1939 principem
369 1878 401 1920 so
418 1861 489 1920 iore.

73 1963 100 2006 ao
196 1942 246 2003 Set
267 1950 352 2004 antea
373 1943 443 2003 item
465 1944 655 2004 coniuravere
677 1945 762 2022 pauci
783 1950 885 2004 contra
906 1962 971 2005 rem
991 1944 1086 2021 publi·
1102 1938 1139 2027 ¹⁸.

110 2045 182 2095 cam,
195 2027 226 2086 in
238 2025 344 2104 quibus
356 2025 475 2087 Catilina
485 2027 554 2088 init:
571 2028 608 2088 de
621 2044 677 2106 qua
703 2043 790 2106 quam
801 2027 961 2090 verissume
975 2034 1078 2105 potero

109 2110 213 2171 dicam.
231 2107 265 2171 L.
278 2108 363 2170 'lullo
375 2107 434 2189 [et]
447 2109 483 2170 Μ’
495 2109 606 2188 Lepido
618 2109 788 2172 consulibus
798 2109 831 2169 P.
844 2110 1005 2172 Autronius
1017 2120 1046 2172 et
1055 2111 1088 2171 P.
1100 2119 1116 2168 2

110 2191 199 2262 Sulla,
215 2192 357 2270 designati
370 2192 513 2262 consules,
530 2191 643 2268 legibus
658 2191 783 2252 ambitus
798 2192 968 2270 interrogati
979 2210 1090 2271 poenas

109 2275 259 2337 dederant.
298 2275 371 2335 Post·
391 2273 478 2350 paulo
501 2273 620 2335 Catilina
650 2276 842 2351 pecuniarum
859 2275 1116 2353 repetundarum

73 2375 178 2418 aereus
214 2356 380 2434 prohibitus
406 2365 469 2415 erat
492 2355 673 2416 consulatum
691 2363 792 2432 petere
818 2355 911 2432 [qnod
925 2359 1000 2439 intra
1017 2357 1088 2430 legi·

110 2452 207 2506 tumos
236 2442 299 2504 dles
326 2443 459 2521 profiteri
486 2439 675 2518 nequiverltj.
726 2439 796 2500 Erat
827 2438 930 2498 eodem
962 2444 1123 2515 temperet

111 2527 167 2588 Cn.
189 2526 271 2597 Piso,
300 2525 473 2587 adulescens
499 2522 622 2592 nobilis,
652 2539 784 2583 summae
811 2522 963 2590 audaciae,
993 2538 1094 2598 egens,

111 2610 257 2678 iactiosus,
270 2605 405 2686 quemad
417 2603 648 2683 perturbandam
659 2602 880 2681 rempublicam
894 2602 991 2681 inopia
1002 2614 1090 2680 atque

111 2691 180 2752 mali
201 2706 300 2752 meres
321 2687 516 2749 stimulabant.
567 2687 639 2748 Cum
662 2685 719 2746 hoc
741 2684 861 2746 Catilina
883 2692 912 2745 et
932 2685 1116 2746 Autroniust

76 2773 228 2840 rocbciter
243 2771 342 2832 Nonas
356 2770 525 2833 Decembris
538 2768 658 2831 consilio
674 2769 879 2829 conmunicato
895 2767 1039 2847 parabant
1060 2769 1090 2828 in

112 2853 252 2934 Capitolio
267 2851 404 2914 Kalendis
418 2853 559 2915 ianuariis
569 2853 601 2913 L.
614 2851 727 2912 Cottam
743 2858 772 2911 et
782 2851 814 2911 L.
827 2850 1010 2930 Torquatum
1021 2868 1090 2912 con-

111 2937 190 3000 sules
206 2936 387 3005 interlicere,
403 2937 458 3013 ipsi
472 2936 598 2997 fascibus
614 2935 761 3012 conreptis
775 2934 910 2994 Pisonem
929 2951 995 2996 cnm
1007 2952 1091 2996 exer·

115 3023 174 3084 citu
194 3022 231 3082 ad
251 3018 427 3098 optinendas
447 3017 519 3078 duas
540 3019 693 3096 llispanias
714 3017 839 3077 mittere.
862 3014 972 3052 *****
995 3017 1035 3077 Ea
1057 3026 1118 3078 ret

113 3107 228 3182 cognita
247 3119 350 3164 rursus
367 3101 397 3161 in
414 3100 512 3162 Nonas
526 3100 701 3163 Februarias
718 3099 870 3161 consilium
885 3101 981 3162 caedis
998 3106 1091 3159 trans·

79 3187 248 3249 retulerant.
294 3186 356 3247 lam
375 3192 438 3245 tum
465 3200 526 3243 non
555 3183 721 3245 consulibus
743 3183 845 3253 modo,
875 3190 920 3244 set
944 3181 1117 3261 plerisque‘t

113 3269 469 3349 senatoribusperniciem
479 3266 729 3328 machinabantur.
753 3265 838 3335 Quod
852 3267 883 3326 ni
896 3263 1016 3325 Catilina
1030 3275 1119 3328 mae

113 3360 242 3415 turasset
261 3370 316 3433 pro
338 3353 420 3414 curia
442 3352 559 3428 signum
576 3350 661 3410 sociis
681 3349 766 3418 dare,
789 3366 823 3408 eo
840 3347 887 3408 die
905 3353 971 3425 post
992 3346 1091 3413 condi·

114 3442 174 3498 tam
184 3437 290 3500 urbem
306 3434 428 3496 Romam
440 3450 611 3515 pessumum
623 3433 737 3494 lacinus
748 3431 1013 3510 patratumtosst.
1025 3429 1116 3489 Ques
