2422 3854
261 225 304 265 nn
325 223 428 266 nunno
452 222 652 268 svuvsrrmro
676 223 703 268 ο.
726 217 769 274 89.
789 218 833 274 90·
857 219 900 274 91.
1034 211 1075 273 93

178 372 248 434 Erat
262 374 339 434 inter
353 372 479 450 ingentis
492 370 661 434 solitudines
676 374 816 452 oppidum
835 392 974 453 magnum
988 383 1101 456 atquoo

93 456 208 525 rolens,
227 457 347 518 nomine
364 454 470 533 Capsa,
492 455 576 517 cuius
597 455 731 517 conditor
745 457 886 519 Hercules
901 458 992 525 bibus
1012 478 1075 522 me·

93 540 275 602 morabatur.
302 539 373 600 Eius
387 539 466 600 cives
480 539 558 616 apud
574 538 748 615 Iugurtham
761 541 906 612 inmunes,
920 541 1074 621 leviImpe·

93 626 140 685 rio
179 631 209 684 et
222 621 260 684 ob
278 642 312 685 ea
325 621 496 685 fidelissumi
509 621 704 693 habebantur,
724 625 828 685 muniti
850 625 1007 688 advorsum
1021 627 1075 687 ho·

72 709 146 771 estis
165 725 226 768 non
239 706 394 768 moenibus
408 707 496 768 modo
512 714 543 766 et
555 708 645 767 armis
661 714 748 786 atquc
767 709 852 779 viris,
872 712 1075 772 verumetiam

92 790 185 852 multo
200 791 293 867 magis
302 789 442 852 locorum
456 790 620 868 asperitate.
659 789 734 851 Nam
747 799 865 869 praeter
879 795 987 871 oppido
1005 807 1102 873 prob

92 876 201 953 pinqua
214 874 270 935 alia
286 874 385 934 omnia
401 879 490 943 vasta,
510 872 629 943 insulta,
644 874 758 950 egentia
772 891 874 954 aquae,
893 877 997 938 infesta
1012 895 1074 940 ser-

91 957 246 1037 pentibus,
268 975 394 1037 quarum
414 959 472 1027 vis,
493 958 578 1018 sicuti
599 957 730 1019 omnium
750 957 881 1021 ferarum
900 960 1000 1038 inopia
1018 961 1075 1022 cibi

92 1041 199 1111 aerior,
213 1041 249 1102 ad
260 1039 317 1101 boc
328 1039 447 1121 [natum
458 1042 648 1119 serpentium,
663 1041 727 1119 ipsa
739 1040 913 1123 pernitiosa]
925 1044 972 1104 siti
981 1046 1074 1120 magis

56 1146 83 1189 ac
93 1142 181 1204 quam
198 1124 253 1186 alia
275 1141 310 1185 re
331 1124 512 1186 adcenditur.
555 1123 626 1186 Eius
646 1125 779 1204 potiundi
796 1124 921 1188 Marium
938 1137 1101 1189 maxumas

92 1207 198 1286 cupido
220 1209 379 1275 invaserat,
403 1226 470 1269 oum
488 1217 611 1285 proptor
632 1226 719 1270 usum
739 1207 824 1279 belli,
854 1218 917 1272 tum
937 1212 1005 1289 quia
1025 1229 1074 1272 res

91 1308 197 1370 aspera
209 1289 362 1352 ridebatur
377 1297 406 1350 ot
419 1289 552 1352 Metellus
565 1292 705 1370 oppidum
722 1291 844 1355 Thalam
858 1311 964 1372 magna
981 1293 1075 1372 gloria

91 1379 220 1452 ceperat,
234 1372 306 1434 haut
319 1371 495 1434 dissimiliter
506 1375 594 1436 situm
604 1375 817 1454 munitumque,
832 1377 888 1437 nisi
902 1377 981 1457 quod
991 1379 1074 1454 apud

90 1456 214 1518 Thalam
226 1473 287 1516 non
300 1455 388 1534 longo
402 1473 419 1516 a
434 1457 588 1518 moenibus
603 1456 713 1536 aliquot
726 1457 822 1520 tontes
837 1466 931 1530 erant,
947 1459 1073 1536 Capsen-

56 1558 139 1608 nses
164 1557 224 1602 una
248 1540 336 1602 modo
365 1548 453 1619 atque
472 1558 507 1602 ea
527 1542 605 1603 intra
626 1541 766 1620 oppidum
789 1542 849 1620 iugi
870 1560 955 1622 aqua
976 1552 1073 1605 cetera

91 1623 188 1703 pluvia
203 1623 370 1686 utebantur.
399 1624 433 1686 ld
448 1624 547 1704 ibique
568 1633 598 1687 et
619 1626 650 1687 in
669 1625 750 1687 omui
765 1625 872 1695 amca,
890 1645 948 1706 qua
967 1626 1098 1704 procult

91 1708 197 1769 amari
211 1707 349 1770 incultius
363 1708 514 1784 agebatur,
538 1726 574 1770 eo
595 1709 708 1770 facilius
724 1708 913 1780 tolerabatur,
932 1712 999 1790 quia
1013 1711 1074 1774 Nu·

90 1791 188 1851 midae
200 1790 375 1869 plerumque
386 1790 461 1853 lacte
476 1799 505 1852 et
518 1793 611 1853 lerina
627 1809 716 1854 carne
727 1792 920 1855 vescebantur
935 1803 965 1854 ot
977 1811 1075 1872 neque

91 1873 183 1934 salem
196 1891 293 1952 nequo
308 1873 363 1936 alia
378 1875 563 1936 inritamenta
578 1875 663 1951 gulae
676 1875 871 1954 quaerebant:
909 1875 995 1938 cibus
1015 1875 1097 1936 illis8

55 1956 234 2022 eoadvorsus
253 1958 361 2020 famem
381 1964 469 2038 atque
491 1960 577 2029 sitim,
599 1975 659 2019 non
677 1957 800 2021 lubidini
820 1976 918 2038 neque
939 1959 1074 2021 luxuriae

91 2050 163 2104 erat.
197 2043 291 2120 Igitur
305 2041 407 2104 consul
427 2041 563 2104 omnibus
580 2042 751 2121 exploratis,
773 2043 862 2106 credo
883 2044 945 2106 deis
969 2042 1071 2111 fretus,
1083 2033 1123 2094 90

93 2159 128 2170 -
151 2143 220 2188 uam
242 2134 344 2187 contra
363 2133 458 2188 tantas
479 2125 663 2188 difficultates
684 2127 804 2190 oonsilio
827 2129 897 2189 satis
918 2126 1074 2205 providere

89 2226 150 2271 non
160 2216 290 2285 poterat:
307 2211 414 2288 quippe
428 2211 515 2271 etiam
525 2211 665 2272 frumenti
675 2212 774 2290 inopia
788 2210 994 2290 temptabatur,
1006 2211 1073 2290 quia

90 2292 234 2354 Numidae
248 2291 357 2369 pabulo
373 2295 491 2370 pecoris
505 2296 597 2371 magis
614 2311 703 2372 qnam
717 2313 787 2356 arro
801 2295 920 2356 'student
938 2303 966 2356 et
981 2295 1072 2374 quod-

53 2392 218 2453 ascumque
236 2381 338 2436 natum
357 2374 454 2437 iuerat
471 2378 552 2437 iussu
571 2377 650 2454 regis
674 2378 705 2437 in
726 2376 791 2438 loca
810 2378 922 2438 munita
943 2376 1073 2438 oontule-

89 2467 171 2528 rant,
195 2475 266 2536 ager
287 2465 385 2521 autem
406 2458 506 2520 aridus
524 2467 553 2520 et
572 2458 692 2536 frugum
707 2478 815 2522 vacuos
831 2478 865 2522 ea
883 2466 1072 2537 tempestate:

90 2560 160 2604 nam
174 2544 291 2605 aestatis
313 2550 477 2603 exuemum
499 2549 563 2603 erat
587 2575 622 2586 -
643 2549 741 2604 umen
761 2560 816 2621 pro
837 2544 883 2605 rei
902 2544 985 2621 copia
1004 2546 1073 2604 satis

73 2626 278 2704 'providenter
295 2634 432 2688 exornat:
447 2643 538 2705 pecus
554 2643 650 2695 omne,
663 2627 742 2705 quod
753 2625 956 2705 superioribus
970 2626 1101 2687 diebus2

89 2710 219 2788 praedae
237 2711 342 2780 fuerat,
366 2710 512 2789 equitibus
530 2709 686 2772 auxiliariis
706 2710 853 2788 agundum
870 2708 1018 2779 adtribuit,
1038 2710 1072 2770 Α.

55 2792 229 2856 sablanlium
254 2792 383 2869 legatum
410 2811 478 2857 cum
506 2793 676 2857 cohortibus
699 2795 840 2872 expeditis
872 2796 909 2857 ad
934 2795 1074 2874 oppidum

90 2877 187 2948 Laris,
216 2875 267 2937 ubi
285 2877 463 2956 stipendium
485 2887 514 2939 et
531 2884 714 2940 conmeatum
733 2877 895 2949 locaverat,
917 2881 961 2941 ire
980 2877 1072 2948 iubet,

91 2962 218 3040 dicitque
230 2978 262 3022 se
272 2961 515 3040 praedabundum
526 2969 711 3041 postpauoos
720 2962 782 3025 dios
790 2965 895 3026 eodem
905 2971 1070 3026 venturum.

39 3041 42 3046 ’
90 3045 139 3107 Sic
150 3047 266 3124 incepto
281 3063 334 3106 suo
349 3045 493 3107 occultato
503 3047 600 3125 pergit
611 3047 648 3107 ad
658 3045 768 3109 {lumen
778 3047 899 3110 Tanain.
935 3045 1120 3108 Ceterum91

90 3131 121 3190 in
142 3130 246 3191 itinere
268 3128 373 3191 cotidie
393 3147 485 3208 pecus
501 3130 642 3192 exercitui
658 3148 713 3210 per
734 3133 895 3202 centurias,
918 3134 988 3193 item
1010 3136 1072 3188 tur·

55 3229 154 3275 umas
176 3211 336 3292 aequaliter
359 3213 563 3282 distribuerat,
587 3221 675 3276 etex
705 3215 792 3278 coriis
807 3223 889 3278 utres
910 3215 953 3277 uti
967 3213 1074 3274 fierent

91 3296 227 3358 curabat:
249 3298 335 3359 simul
353 3299 483 3377 inopiam
500 3297 640 3358 immenti
655 3295 748 3361 lenire
765 3309 794 3362 et
812 3301 922 3377 ignaris
936 3295 1073 3358 omnibus

91 3397 214 3457 parare,
232 3398 307 3460 quac
324 3400 393 3445 mox
410 3401 467 3445 usu
485 3381 597 3442 forent:
620 3380 745 3463 denique
764 3390 847 3444 sexto
866 3384 927 3453 die,
947 3398 1014 3443 cum
1036 3381 1073 3442 ad

91 3463 201 3526 llumen
223 3472 343 3526 ventum
363 3475 422 3537 ost,
437 3483 573 3528 nraxuma
586 3465 629 3526 ris
644 3468 756 3529 utrium
770 3467 881 3533 effecta.
914 3465 957 3530 lbi
971 3466 1100 3526 castriso
