<?xml version="1.0" encoding="UTF-8"?>
<!DOCTYPE html PUBLIC "-//W3C//DTD XHTML 1.0 Transitional//EN"
    "http://www.w3.org/TR/xhtml1/DTD/xhtml1-transitional.dtd">
<html xmlns="http://www.w3.org/1999/xhtml" xml:lang="en" lang="en">
 <head>
  <title>
</title>
<meta http-equiv="Content-Type" content="text/html;charset=utf-8" />
  <meta name='ocr-system' content='tesseract 3.04.00' />
  <meta name='ocr-capabilities' content='ocr_page ocr_carea ocr_par ocr_line ocrx_word'/>
</head>
<body>
  <div class='ocr_page' id='page_1' title='image "./libridecatilina02sallgoog_0056.png"; bbox 0 0 2422 3854; ppageno 0'>
   <div class='ocr_carea' id='block_1_1' title="bbox 213 193 1087 262">
    <p class='ocr_par' dir='ltr' id='par_1_1' title="bbox 213 193 1087 262">
     <span class='ocr_line' id='line_1_1' title="bbox 213 193 1087 262; baseline -0.005 -4"><span class='ocrx_word' id='word_1_1' title='bbox 213 247 215 251; x_wconf 65' lang='grc'>,</span> <span class='ocrx_word' id='word_1_2' title='bbox 269 217 302 260; x_wconf 85' lang='lat' dir='ltr'>u.</span> <span class='ocrx_word' id='word_1_3' title='bbox 324 216 353 260; x_wconf 88' lang='lat' dir='ltr'>u.</span> <span class='ocrx_word' id='word_1_4' title='bbox 377 216 405 260; x_wconf 87' lang='lat' dir='ltr'>e.</span> <span class='ocrx_word' id='word_1_5' title='bbox 427 217 455 259; x_wconf 87' lang='lat' dir='ltr'>e.</span> <span class='ocrx_word' id='word_1_6' title='bbox 477 207 521 261; x_wconf 86' lang='lat'>61.</span> <span class='ocrx_word' id='word_1_7' title='bbox 564 218 728 260; x_wconf 73' lang='lat' dir='ltr'>nanneno</span> <span class='ocrx_word' id='word_1_8' title='bbox 750 217 816 262; x_wconf 82' lang='lat' dir='ltr'>rue.</span> <span class='ocrx_word' id='word_1_9' title='bbox 840 218 867 261; x_wconf 85' lang='lat' dir='ltr'>u.</span> <span class='ocrx_word' id='word_1_10' title='bbox 891 209 917 261; x_wconf 94' lang='grc'>1.</span> <span class='ocrx_word' id='word_1_11' title='bbox 939 207 966 259; x_wconf 74' lang='lat'>2.</span> <span class='ocrx_word' id='word_1_12' title='bbox 1047 193 1087 256; x_wconf 77' lang='lat'>37</span> 
     </span>
    </p>
   </div>
   <div class='ocr_carea' id='block_1_2' title="bbox 108 360 1117 695">
    <p class='ocr_par' dir='ltr' id='par_1_2' title="bbox 108 360 1117 695">
     <span class='ocr_line' id='line_1_2' title="bbox 108 360 1089 443; baseline -0.006 -16"><span class='ocrx_word' id='word_1_13' title='bbox 108 365 223 428; x_wconf 84' lang='lat' dir='ltr'>hostilia</span> <span class='ocrx_word' id='word_1_14' title='bbox 240 367 381 428; x_wconf 77' lang='lat' dir='ltr'>cadavera</span> <span class='ocrx_word' id='word_1_15' title='bbox 395 365 521 424; x_wconf 82' lang='lat' dir='ltr'>amicum</span> <span class='ocrx_word' id='word_1_16' title='bbox 532 361 591 443; x_wconf 80' lang='lat' dir='ltr'>alii,</span> <span class='ocrx_word' id='word_1_17' title='bbox 612 379 681 440; x_wconf 89' lang='lat' dir='ltr'>pars</span> <span class='ocrx_word' id='word_1_18' title='bbox 697 360 843 440; x_wconf 82' lang='lat' dir='ltr'><strong>hospitem</strong></span> <span class='ocrx_word' id='word_1_19' title='bbox 863 367 913 422; x_wconf 77' lang='lat' dir='ltr'>aut</span> <span class='ocrx_word' id='word_1_20' title='bbox 932 367 1089 439; x_wconf 80' lang='lat' dir='ltr'>cognatum</span> 
     </span>
     <span class='ocr_line' id='line_1_3' title="bbox 108 444 1117 529; baseline -0.007 -18"><span class='ocrx_word' id='word_1_21' title='bbox 108 449 312 529; x_wconf 76' lang='lat' dir='ltr'>reperiebant:</span> <span class='ocrx_word' id='word_1_22' title='bbox 326 450 409 510; x_wconf 85' lang='lat' dir='ltr'>fuere</span> <span class='ocrx_word' id='word_1_23' title='bbox 422 449 492 508; x_wconf 86' lang='lat' dir='ltr'>item</span> <span class='ocrx_word' id='word_1_24' title='bbox 506 449 556 525; x_wconf 86' lang='lat' dir='ltr'>qui</span> <span class='ocrx_word' id='word_1_25' title='bbox 571 446 705 506; x_wconf 79' lang='lat' dir='ltr'>inimices</span> <span class='ocrx_word' id='word_1_26' title='bbox 719 462 788 505; x_wconf 89' lang='lat' dir='ltr'>suos</span> <span class='ocrx_word' id='word_1_27' title='bbox 805 453 1025 522; x_wconf 79' lang='lat' dir='ltr'><strong>cognoscerent.</strong></span> <span class='ocrx_word' id='word_1_28' title='bbox 1047 444 1117 512; x_wconf 78' lang='lat' dir='ltr'>Itau</span> 
     </span>
     <span class='ocr_line' id='line_1_4' title="bbox 108 529 1090 612; baseline -0.005 -18"><span class='ocrx_word' id='word_1_29' title='bbox 108 536 188 600; x_wconf 83' lang='lat' dir='ltr'>varie</span> <span class='ocrx_word' id='word_1_30' title='bbox 210 551 265 612; x_wconf 92' lang='lat' dir='ltr'>per</span> <span class='ocrx_word' id='word_1_31' title='bbox 287 550 404 594; x_wconf 88' lang='lat' dir='ltr'>omnem</span> <span class='ocrx_word' id='word_1_32' title='bbox 426 532 586 593; x_wconf 83' lang='lat' dir='ltr'>exereitum</span> <span class='ocrx_word' id='word_1_33' title='bbox 606 530 713 590; x_wconf 81' lang='lat' dir='ltr'>laetitia</span> <span class='ocrx_word' id='word_1_34' title='bbox 735 546 861 599; x_wconf 88' lang='lat' dir='ltr'>maeror,</span> <span class='ocrx_word' id='word_1_35' title='bbox 883 529 980 590; x_wconf 79' lang='lat' dir='ltr'>luctus</span> <span class='ocrx_word' id='word_1_36' title='bbox 1002 535 1090 610; x_wconf 86' lang='lat' dir='ltr'>atque</span> 
     </span>
     <span class='ocr_line' id='line_1_5' title="bbox 110 616 1056 695; baseline -0.012 -16"><span class='ocrx_word' id='word_1_37' title='bbox 110 617 220 695; x_wconf 77' lang='lat' dir='ltr'>gaudia¹</span> <span class='ocrx_word' id='word_1_38' title='bbox 232 616 425 695; x_wconf 76' lang='lat' dir='ltr'>agitabantur.</span> <span class='ocrx_word' id='word_1_39' title='bbox 1054 633 1056 637; x_wconf 42' lang='lat'><strong>¹</strong></span> 
     </span>
    </p>
   </div>
   <div class='ocr_carea' id='block_1_3' title="bbox 293 1083 892 1200">
    <p class='ocr_par' dir='ltr' id='par_1_3' title="bbox 293 1083 892 1200">
     <span class='ocr_line' id='line_1_6' title="bbox 293 1083 892 1200; baseline -0.005 0"><span class='ocrx_word' id='word_1_40' title='bbox 293 1083 407 1200; x_wconf 73' lang='lat' dir='ltr'>&#39;ear</span> <span class='ocrx_word' id='word_1_41' title='bbox 435 1117 692 1199; x_wconf 78' lang='lat' dir='ltr'>saunvsm</span> <span class='ocrx_word' id='word_1_42' title='bbox 720 1117 892 1199; x_wconf 81' lang='lat' dir='ltr'>enrsrr</span> 
     </span>
    </p>
   </div>
   <div class='ocr_carea' id='block_1_4' title="bbox 545 1319 657 1368">
    <p class='ocr_par' dir='ltr' id='par_1_4' title="bbox 545 1319 657 1368">
     <span class='ocr_line' id='line_1_7' title="bbox 545 1319 657 1368; baseline 0 0"><span class='ocrx_word' id='word_1_43' title='bbox 545 1319 657 1368; x_wconf 83' lang='lat' dir='ltr'>LIBER</span> 
     </span>
    </p>
   </div>
   <div class='ocr_carea' id='block_1_5' title="bbox 131 1460 975 1583">
    <p class='ocr_par' dir='ltr' id='par_1_5' title="bbox 131 1460 975 1583">
     <span class='ocr_line' id='line_1_8' title="bbox 131 1460 975 1583; baseline -0.002 -2"><span class='ocrx_word' id='word_1_44' title='bbox 131 1460 135 1467; x_wconf 81' lang='grc'><strong>’</strong></span> <span class='ocrx_word' id='word_1_45' title='bbox 218 1493 295 1581; x_wconf 84' lang='lat' dir='ltr'>un</span> <span class='ocrx_word' id='word_1_46' title='bbox 331 1489 535 1580; x_wconf 74' lang='lat' dir='ltr'>nanee</span> <span class='ocrx_word' id='word_1_47' title='bbox 575 1491 975 1583; x_wconf 81' lang='lat' dir='ltr'>rvevnrurue</span> 
     </span>
    </p>
   </div>
   <div class='ocr_carea' id='block_1_6' title="bbox 526 1707 674 1717">
    <p class='ocr_par' dir='ltr' id='par_1_6' title="bbox 526 1707 674 1717">
     <span class='ocr_line' id='line_1_9' title="bbox 526 1707 674 1717; baseline 0 -1"><span class='ocrx_word' id='word_1_48' title='bbox 526 1707 674 1717; x_wconf 78' lang='lat'>---</span> 
     </span>
    </p>
   </div>
   <div class='ocr_carea' id='block_1_7' title="bbox 86 1837 1118 1953">
    <p class='ocr_par' dir='ltr' id='par_1_7' title="bbox 86 1837 1118 1953">
     <span class='ocr_line' id='line_1_10' title="bbox 86 1837 1118 1953; baseline 0.009 -23"><span class='ocrx_word' id='word_1_49' title='bbox 86 1891 100 1930; x_wconf 82' lang='lat' dir='ltr'>s</span> <span class='ocrx_word' id='word_1_50' title='bbox 200 1851 294 1936; x_wconf 80' lang='lat' dir='ltr'>Falso</span> <span class='ocrx_word' id='word_1_51' title='bbox 315 1873 447 1950; x_wconf 81' lang='lat' dir='ltr'>queritur</span> <span class='ocrx_word' id='word_1_52' title='bbox 463 1873 499 1933; x_wconf 88' lang='lat' dir='ltr'>da</span> <span class='ocrx_word' id='word_1_53' title='bbox 520 1837 625 1932; x_wconf 79' lang='lat' dir='ltr'>natura</span> <span class='ocrx_word' id='word_1_54' title='bbox 641 1890 693 1932; x_wconf 89' lang='lat' dir='ltr'>sua</span> <span class='ocrx_word' id='word_1_55' title='bbox 710 1888 802 1948; x_wconf 86' lang='lat' dir='ltr'>genus</span> <span class='ocrx_word' id='word_1_56' title='bbox 816 1872 991 1943; x_wconf 84' lang='lat' dir='ltr'>humanum,</span> <span class='ocrx_word' id='word_1_57' title='bbox 1012 1877 1118 1953; x_wconf 81' lang='lat' dir='ltr'>quodi</span> 
     </span>
    </p>
   </div>
   <div class='ocr_carea' id='block_1_8' title="bbox 70 1954 1143 3539">
    <p class='ocr_par' dir='ltr' id='par_1_8' title="bbox 70 1954 1143 3539">
     <span class='ocr_line' id='line_1_11' title="bbox 108 1954 1088 2035; baseline 0.002 -19"><span class='ocrx_word' id='word_1_58' title='bbox 108 1955 243 2017; x_wconf 82' lang='lat' dir='ltr'>inbecilla</span> <span class='ocrx_word' id='word_1_59' title='bbox 256 1963 343 2035; x_wconf 88' lang='lat' dir='ltr'>atque</span> <span class='ocrx_word' id='word_1_60' title='bbox 355 1958 417 2016; x_wconf 85' lang='lat' dir='ltr'>aevi</span> <span class='ocrx_word' id='word_1_61' title='bbox 431 1954 530 2017; x_wconf 82' lang='lat' dir='ltr'>brevis</span> <span class='ocrx_word' id='word_1_62' title='bbox 544 1956 621 2016; x_wconf 81' lang='lat' dir='ltr'>sorte</span> <span class='ocrx_word' id='word_1_63' title='bbox 630 1956 728 2034; x_wconf 88' lang='lat' dir='ltr'>potius</span> <span class='ocrx_word' id='word_1_64' title='bbox 739 1972 826 2034; x_wconf 85' lang='lat' dir='ltr'>quum</span> <span class='ocrx_word' id='word_1_65' title='bbox 837 1958 943 2017; x_wconf 79' lang='lat' dir='ltr'>virtute</span> <span class='ocrx_word' id='word_1_66' title='bbox 958 1965 1088 2034; x_wconf 79' lang='lat' dir='ltr'>regatur.</span> 
     </span>
     <span class='ocr_line' id='line_1_12' title="bbox 108 2038 1116 2120; baseline 0.006 -20"><span class='ocrx_word' id='word_1_67' title='bbox 108 2039 182 2100; x_wconf 91' lang='lat' dir='ltr'>Nam</span> <span class='ocrx_word' id='word_1_68' title='bbox 200 2047 302 2102; x_wconf 85' lang='lat' dir='ltr'>eontra</span> <span class='ocrx_word' id='word_1_69' title='bbox 323 2040 488 2120; x_wconf 80' lang='lat' dir='ltr'>reputando</span> <span class='ocrx_word' id='word_1_70' title='bbox 510 2058 606 2118; x_wconf 89' lang='lat' dir='ltr'>neque</span> <span class='ocrx_word' id='word_1_71' title='bbox 626 2041 721 2100; x_wconf 92' lang='lat' dir='ltr'>maius</span> <span class='ocrx_word' id='word_1_72' title='bbox 743 2038 821 2100; x_wconf 92' lang='lat' dir='ltr'>aliud</span> <span class='ocrx_word' id='word_1_73' title='bbox 845 2058 942 2119; x_wconf 87' lang='lat' dir='ltr'>neque</span> <span class='ocrx_word' id='word_1_74' title='bbox 959 2048 1116 2119; x_wconf 81' lang='lat' dir='ltr'>praesta-2</span> 
     </span>
     <span class='ocr_line' id='line_1_13' title="bbox 107 2122 1091 2203; baseline 0.004 -21"><span class='ocrx_word' id='word_1_75' title='bbox 107 2122 194 2184; x_wconf 93' lang='lat' dir='ltr'>bilius</span> <span class='ocrx_word' id='word_1_76' title='bbox 202 2124 337 2185; x_wconf 79' lang='lat' dir='ltr'>&#39;mrenias</span> <span class='ocrx_word' id='word_1_77' title='bbox 348 2125 499 2201; x_wconf 78' lang='lat' dir='ltr'>magisque</span> <span class='ocrx_word' id='word_1_78' title='bbox 513 2132 635 2185; x_wconf 74' lang='lat' dir='ltr'>naturae</span> <span class='ocrx_word' id='word_1_79' title='bbox 649 2122 821 2184; x_wconf 81' lang='lat' dir='ltr'>industriam</span> <span class='ocrx_word' id='word_1_80' title='bbox 828 2125 987 2185; x_wconf 85' lang='lat' dir='ltr'>bominum</span> <span class='ocrx_word' id='word_1_81' title='bbox 1003 2143 1091 2203; x_wconf 85' lang='lat' dir='ltr'>quam</span> 
     </span>
     <span class='ocr_line' id='line_1_14' title="bbox 107 2207 1117 2286; baseline 0.01 -21"><span class='ocrx_word' id='word_1_82' title='bbox 107 2207 164 2266; x_wconf 85' lang='lat' dir='ltr'>vim</span> <span class='ocrx_word' id='word_1_83' title='bbox 183 2214 234 2268; x_wconf 85' lang='lat' dir='ltr'>aut</span> <span class='ocrx_word' id='word_1_84' title='bbox 253 2213 370 2285; x_wconf 80' lang='lat' dir='ltr'>tempus</span> <span class='ocrx_word' id='word_1_85' title='bbox 389 2207 499 2269; x_wconf 85' lang='lat' dir='ltr'>deesse.</span> <span class='ocrx_word' id='word_1_86' title='bbox 520 2208 572 2268; x_wconf 81' lang='lat' dir='ltr'>Set</span> <span class='ocrx_word' id='word_1_87' title='bbox 583 2208 642 2268; x_wconf 85' lang='lat' dir='ltr'>dur</span> <span class='ocrx_word' id='word_1_88' title='bbox 653 2218 741 2286; x_wconf 85' lang='lat' dir='ltr'>atque</span> <span class='ocrx_word' id='word_1_89' title='bbox 752 2209 997 2286; x_wconf 81' lang='lat' dir='ltr'>imperaterritae</span> <span class='ocrx_word' id='word_1_90' title='bbox 1011 2224 1117 2275; x_wconf 83' lang='lat' dir='ltr'>mer-3</span> 
     </span>
     <span class='ocr_line' id='line_1_15' title="bbox 72 2289 1087 2368; baseline 0.005 -21"><span class='ocrx_word' id='word_1_91' title='bbox 72 2289 208 2350; x_wconf 77' lang='lat' dir='ltr'>renalium</span> <span class='ocrx_word' id='word_1_92' title='bbox 219 2291 333 2351; x_wconf 90' lang='lat' dir='ltr'>animus</span> <span class='ocrx_word' id='word_1_93' title='bbox 351 2297 402 2349; x_wconf 75' lang='lat' dir='ltr'>est.</span> <span class='ocrx_word' id='word_1_94' title='bbox 418 2293 472 2364; x_wconf 84' lang='lat' dir='ltr'>Qui</span> <span class='ocrx_word' id='word_1_95' title='bbox 486 2289 539 2350; x_wconf 93' lang='lat' dir='ltr'>ubi</span> <span class='ocrx_word' id='word_1_96' title='bbox 554 2291 590 2349; x_wconf 91' lang='lat' dir='ltr'>ad</span> <span class='ocrx_word' id='word_1_97' title='bbox 606 2289 728 2366; x_wconf 81' lang='lat' dir='ltr'>gloriam</span> <span class='ocrx_word' id='word_1_98' title='bbox 744 2292 854 2351; x_wconf 79' lang='lat' dir='ltr'>virtutis</span> <span class='ocrx_word' id='word_1_99' title='bbox 868 2294 913 2352; x_wconf 90' lang='lat' dir='ltr'>via</span> <span class='ocrx_word' id='word_1_100' title='bbox 928 2300 1087 2368; x_wconf 80' lang='lat' dir='ltr'>grassatur,</span> 
     </span>
     <span class='ocr_line' id='line_1_16' title="bbox 107 2371 1090 2452; baseline 0 -19"><span class='ocrx_word' id='word_1_101' title='bbox 107 2371 224 2434; x_wconf 85' lang='lat' dir='ltr'>abunde</span> <span class='ocrx_word' id='word_1_102' title='bbox 244 2371 358 2450; x_wconf 85' lang='lat' dir='ltr'>pollens</span> <span class='ocrx_word' id='word_1_103' title='bbox 378 2380 541 2450; x_wconf 84' lang='lat' dir='ltr'>petensque</span> <span class='ocrx_word' id='word_1_104' title='bbox 555 2380 584 2432; x_wconf 88' lang='lat' dir='ltr'>et</span> <span class='ocrx_word' id='word_1_105' title='bbox 604 2373 701 2434; x_wconf 84' lang='lat' dir='ltr'>clarus</span> <span class='ocrx_word' id='word_1_106' title='bbox 715 2381 758 2432; x_wconf 83' lang='lat' dir='ltr'>est</span> <span class='ocrx_word' id='word_1_107' title='bbox 773 2390 870 2450; x_wconf 87' lang='lat' dir='ltr'>neque</span> <span class='ocrx_word' id='word_1_108' title='bbox 889 2373 1006 2434; x_wconf 80' lang='lat' dir='ltr'>fortuna</span> <span class='ocrx_word' id='word_1_109' title='bbox 1025 2384 1090 2452; x_wconf 82' lang='lat' dir='ltr'>eget</span> 
     </span>
     <span class='ocr_line' id='line_1_17' title="bbox 110 2453 1089 2537; baseline 0.003 -21"><span class='ocrx_word' id='word_1_110' title='bbox 110 2491 144 2500; x_wconf 95' lang='lat'>—</span> <span class='ocrx_word' id='word_1_111' title='bbox 162 2457 270 2536; x_wconf 86' lang='lat' dir='ltr'>quippe</span> <span class='ocrx_word' id='word_1_112' title='bbox 284 2453 461 2534; x_wconf 80' lang='lat' dir='ltr'>probitatem</span> <span class='ocrx_word' id='word_1_113' title='bbox 477 2455 649 2515; x_wconf 89' lang='lat' dir='ltr'>industriam</span> <span class='ocrx_word' id='word_1_114' title='bbox 664 2456 792 2533; x_wconf 86' lang='lat' dir='ltr'>aliasque</span> <span class='ocrx_word' id='word_1_115' title='bbox 803 2457 874 2516; x_wconf 85' lang='lat' dir='ltr'>artis</span> <span class='ocrx_word' id='word_1_116' title='bbox 886 2455 980 2519; x_wconf 86' lang='lat' dir='ltr'>bonas</span> <span class='ocrx_word' id='word_1_117' title='bbox 993 2475 1089 2537; x_wconf 88' lang='lat' dir='ltr'>neque</span> 
     </span>
     <span class='ocr_line' id='line_1_18' title="bbox 107 2540 1118 2619; baseline 0.005 -19"><span class='ocrx_word' id='word_1_118' title='bbox 107 2541 177 2601; x_wconf 91' lang='lat' dir='ltr'>dare</span> <span class='ocrx_word' id='word_1_119' title='bbox 197 2558 294 2619; x_wconf 88' lang='lat' dir='ltr'>neque</span> <span class='ocrx_word' id='word_1_120' title='bbox 314 2540 429 2618; x_wconf 88' lang='lat' dir='ltr'>eripere</span> <span class='ocrx_word' id='word_1_121' title='bbox 451 2541 588 2618; x_wconf 88' lang='lat' dir='ltr'>cuiquam</span> <span class='ocrx_word' id='word_1_122' title='bbox 605 2546 701 2616; x_wconf 86' lang='lat' dir='ltr'>petest</span> <span class='ocrx_word' id='word_1_123' title='bbox 725 2559 778 2599; x_wconf 73' lang='grc' dir='ltr'>-ε</span> <span class='ocrx_word' id='word_1_124' title='bbox 801 2540 845 2599; x_wconf 91' lang='lat' dir='ltr'>sin</span> <span class='ocrx_word' id='word_1_125' title='bbox 871 2548 973 2618; x_wconf 79' lang='lat' dir='ltr'>eaptus</span> <span class='ocrx_word' id='word_1_126' title='bbox 994 2543 1118 2617; x_wconf 74' lang='lat' dir='ltr'>pravisa</span> 
     </span>
     <span class='ocr_line' id='line_1_19' title="bbox 109 2622 1090 2701; baseline 0 -17"><span class='ocrx_word' id='word_1_127' title='bbox 109 2624 295 2701; x_wconf 84' lang='lat' dir='ltr'>cupidinibus</span> <span class='ocrx_word' id='word_1_128' title='bbox 306 2624 343 2683; x_wconf 91' lang='lat' dir='ltr'>ad</span> <span class='ocrx_word' id='word_1_129' title='bbox 359 2625 495 2684; x_wconf 88' lang='lat' dir='ltr'>inertiam</span> <span class='ocrx_word' id='word_1_130' title='bbox 506 2631 535 2684; x_wconf 87' lang='lat' dir='ltr'>et</span> <span class='ocrx_word' id='word_1_131' title='bbox 545 2622 708 2701; x_wconf 79' lang='lat' dir='ltr'>voluptates</span> <span class='ocrx_word' id='word_1_132' title='bbox 724 2624 857 2701; x_wconf 90' lang='lat' dir='ltr'>eorporis</span> <span class='ocrx_word' id='word_1_133' title='bbox 872 2640 992 2701; x_wconf 87' lang='lat' dir='ltr'>pessum</span> <span class='ocrx_word' id='word_1_134' title='bbox 1006 2624 1090 2685; x_wconf 82' lang='lat' dir='ltr'>datus</span> 
     </span>
     <span class='ocr_line' id='line_1_20' title="bbox 71 2705 1090 2787; baseline 0.003 -21"><span class='ocrx_word' id='word_1_135' title='bbox 71 2727 96 2766; x_wconf 79' lang='lat' dir='ltr'>rs</span> <span class='ocrx_word' id='word_1_136' title='bbox 108 2713 166 2777; x_wconf 77' lang='lat' dir='ltr'>est,</span> <span class='ocrx_word' id='word_1_137' title='bbox 189 2709 347 2786; x_wconf 83' lang='lat' dir='ltr'>pernitiosa</span> <span class='ocrx_word' id='word_1_138' title='bbox 361 2707 496 2769; x_wconf 76' lang='lat' dir='ltr'>lubidine</span> <span class='ocrx_word' id='word_1_139' title='bbox 510 2707 659 2787; x_wconf 86' lang='lat' dir='ltr'>paulisper</span> <span class='ocrx_word' id='word_1_140' title='bbox 676 2724 763 2775; x_wconf 86' lang='lat' dir='ltr'>usus,</span> <span class='ocrx_word' id='word_1_141' title='bbox 787 2705 838 2767; x_wconf 92' lang='lat' dir='ltr'>uhi</span> <span class='ocrx_word' id='word_1_142' title='bbox 852 2724 906 2784; x_wconf 92' lang='lat' dir='ltr'>per</span> <span class='ocrx_word' id='word_1_143' title='bbox 925 2709 1090 2769; x_wconf 82' lang='lat' dir='ltr'>socordiam</span> 
     </span>
     <span class='ocr_line' id='line_1_21' title="bbox 106 2791 1089 2868; baseline 0.003 -17"><span class='ocrx_word' id='word_1_144' title='bbox 106 2791 184 2851; x_wconf 85' lang='lat' dir='ltr'>vires</span> <span class='ocrx_word' id='word_1_145' title='bbox 204 2797 320 2867; x_wconf 84' lang='lat' dir='ltr'>tempus</span> <span class='ocrx_word' id='word_1_146' title='bbox 341 2793 491 2868; x_wconf 83' lang='lat' dir='ltr'>ingenium</span> <span class='ocrx_word' id='word_1_147' title='bbox 508 2792 670 2859; x_wconf 75' lang='lat' dir='ltr'>diffirrrere</span> <span class='ocrx_word' id='word_1_148' title='bbox 688 2797 811 2851; x_wconf 86' lang='lat' dir='ltr'>naturae</span> <span class='ocrx_word' id='word_1_149' title='bbox 830 2791 982 2852; x_wconf 74' lang='lat' dir='ltr'>infirmitas</span> <span class='ocrx_word' id='word_1_150' title='bbox 1003 2811 1089 2854; x_wconf 80' lang='lat' dir='ltr'>aecu-</span> 
     </span>
     <span class='ocr_line' id='line_1_22' title="bbox 106 2875 1088 2955; baseline 0.003 -21"><span class='ocrx_word' id='word_1_151' title='bbox 106 2879 205 2935; x_wconf 85' lang='lat' dir='ltr'>satur:</span> <span class='ocrx_word' id='word_1_152' title='bbox 220 2890 303 2934; x_wconf 87' lang='lat' dir='ltr'>auam</span> <span class='ocrx_word' id='word_1_153' title='bbox 321 2876 443 2953; x_wconf 89' lang='lat' dir='ltr'>quisque</span> <span class='ocrx_word' id='word_1_154' title='bbox 458 2875 572 2955; x_wconf 87' lang='lat' dir='ltr'>eulpam</span> <span class='ocrx_word' id='word_1_155' title='bbox 587 2882 702 2936; x_wconf 74' lang='lat' dir='ltr'>auteres</span> <span class='ocrx_word' id='word_1_156' title='bbox 714 2875 750 2934; x_wconf 93' lang='lat' dir='ltr'>ad</span> <span class='ocrx_word' id='word_1_157' title='bbox 769 2877 884 2950; x_wconf 78' lang='lat' dir='ltr'>negotia</span> <span class='ocrx_word' id='word_1_158' title='bbox 898 2876 1088 2938; x_wconf 78' lang='lat' dir='ltr'>transferunt.</span> 
     </span>
     <span class='ocr_line' id='line_1_23' title="bbox 106 2955 1115 3038; baseline 0.008 -21"><span class='ocrx_word' id='word_1_159' title='bbox 106 2957 191 3028; x_wconf 83' lang='lat' dir='ltr'>Quod</span> <span class='ocrx_word' id='word_1_160' title='bbox 206 2959 232 3018; x_wconf 90' lang='lat' dir='ltr'>si</span> <span class='ocrx_word' id='word_1_161' title='bbox 246 2955 414 3026; x_wconf 88' lang='lat' dir='ltr'>hominibus</span> <span class='ocrx_word' id='word_1_162' title='bbox 429 2956 574 3019; x_wconf 88' lang='lat' dir='ltr'>bonarum</span> <span class='ocrx_word' id='word_1_163' title='bbox 589 2977 691 3020; x_wconf 91' lang='lat' dir='ltr'>rerum</span> <span class='ocrx_word' id='word_1_164' title='bbox 702 2966 781 3018; x_wconf 81' lang='lat' dir='ltr'>tanta</span> <span class='ocrx_word' id='word_1_165' title='bbox 796 2975 867 3018; x_wconf 85' lang='lat' dir='ltr'>cura</span> <span class='ocrx_word' id='word_1_166' title='bbox 878 2966 962 3028; x_wconf 83' lang='lat' dir='ltr'>esset,</span> <span class='ocrx_word' id='word_1_167' title='bbox 980 2968 1115 3038; x_wconf 79' lang='lat' dir='ltr'>quantor</span> 
     </span>
     <span class='ocr_line' id='line_1_24' title="bbox 105 3039 1089 3121; baseline 0.002 -21"><span class='ocrx_word' id='word_1_168' title='bbox 105 3041 201 3102; x_wconf 89' lang='lat' dir='ltr'>studio</span> <span class='ocrx_word' id='word_1_169' title='bbox 216 3039 310 3102; x_wconf 82' lang='lat' dir='ltr'>aliena</span> <span class='ocrx_word' id='word_1_170' title='bbox 328 3058 363 3101; x_wconf 87' lang='lat' dir='ltr'>ae</span> <span class='ocrx_word' id='word_1_171' title='bbox 385 3039 456 3100; x_wconf 89' lang='lat' dir='ltr'>nihil</span> <span class='ocrx_word' id='word_1_172' title='bbox 476 3042 630 3120; x_wconf 80' lang='lat' dir='ltr'>profutura</span> <span class='ocrx_word' id='word_1_173' title='bbox 649 3042 798 3121; x_wconf 81' lang='lat' dir='ltr'>multaque</span> <span class='ocrx_word' id='word_1_174' title='bbox 818 3044 905 3104; x_wconf 87' lang='lat' dir='ltr'>etiam</span> <span class='ocrx_word' id='word_1_175' title='bbox 924 3044 1089 3121; x_wconf 80' lang='lat' dir='ltr'>periculosa</span> 
     </span>
     <span class='ocr_line' id='line_1_25' title="bbox 70 3127 1090 3205; baseline -0.001 -19"><span class='ocrx_word' id='word_1_176' title='bbox 70 3146 96 3186; x_wconf 81' lang='lat' dir='ltr'>ae</span> <span class='ocrx_word' id='word_1_177' title='bbox 105 3141 143 3186; x_wconf 77' lang='lat' dir='ltr'>ae</span> <span class='ocrx_word' id='word_1_178' title='bbox 154 3127 317 3201; x_wconf 79' lang='lat' dir='ltr'>pernitiosa</span> <span class='ocrx_word' id='word_1_179' title='bbox 328 3130 440 3202; x_wconf 82' lang='lat' dir='ltr'>petunt,</span> <span class='ocrx_word' id='word_1_180' title='bbox 457 3142 553 3203; x_wconf 84' lang='lat' dir='ltr'>neque</span> <span class='ocrx_word' id='word_1_181' title='bbox 563 3135 738 3202; x_wconf 78' lang='lat' dir='ltr'>regerentur</span> <span class='ocrx_word' id='word_1_182' title='bbox 747 3128 841 3203; x_wconf 79' lang='lat' dir='ltr'>magis</span> <span class='ocrx_word' id='word_1_183' title='bbox 852 3143 940 3205; x_wconf 89' lang='lat' dir='ltr'>quam</span> <span class='ocrx_word' id='word_1_184' title='bbox 950 3132 1090 3203; x_wconf 85' lang='lat' dir='ltr'>regerent</span> 
     </span>
     <span class='ocr_line' id='line_1_26' title="bbox 106 3207 1089 3289; baseline -0.002 -19"><span class='ocrx_word' id='word_1_185' title='bbox 106 3226 191 3270; x_wconf 85' lang='lat' dir='ltr'>casus</span> <span class='ocrx_word' id='word_1_186' title='bbox 213 3216 242 3270; x_wconf 88' lang='lat' dir='ltr'>et</span> <span class='ocrx_word' id='word_1_187' title='bbox 257 3227 292 3270; x_wconf 88' lang='lat' dir='ltr'>eo</span> <span class='ocrx_word' id='word_1_188' title='bbox 313 3209 519 3286; x_wconf 82' lang='lat' dir='ltr'>magnitudinis</span> <span class='ocrx_word' id='word_1_189' title='bbox 539 3211 748 3286; x_wconf 83' lang='lat' dir='ltr'>procederent,</span> <span class='ocrx_word' id='word_1_190' title='bbox 770 3209 822 3270; x_wconf 93' lang='lat' dir='ltr'>ubi</span> <span class='ocrx_word' id='word_1_191' title='bbox 840 3227 896 3289; x_wconf 90' lang='lat' dir='ltr'>pro</span> <span class='ocrx_word' id='word_1_192' title='bbox 917 3207 1089 3268; x_wconf 84' lang='lat' dir='ltr'>mortalibus</span> 
     </span>
     <span class='ocr_line' id='line_1_27' title="bbox 104 3291 1120 3369; baseline 0.001 -18"><span class='ocrx_word' id='word_1_193' title='bbox 104 3291 198 3369; x_wconf 83' lang='lat' dir='ltr'>gloria</span> <span class='ocrx_word' id='word_1_194' title='bbox 219 3295 332 3354; x_wconf 79' lang='lat' dir='ltr'>aeterni</span> <span class='ocrx_word' id='word_1_195' title='bbox 350 3294 463 3354; x_wconf 85' lang='lat' dir='ltr'>flerent.</span> <span class='ocrx_word' id='word_1_196' title='bbox 486 3292 561 3354; x_wconf 85' lang='lat' dir='ltr'>Nam</span> <span class='ocrx_word' id='word_1_197' title='bbox 575 3295 617 3353; x_wconf 89' lang='lat' dir='ltr'>uti</span> <span class='ocrx_word' id='word_1_198' title='bbox 631 3310 724 3369; x_wconf 81' lang='lat' dir='ltr'>genus</span> <span class='ocrx_word' id='word_1_199' title='bbox 738 3294 889 3354; x_wconf 89' lang='lat' dir='ltr'>hominum</span> <span class='ocrx_word' id='word_1_200' title='bbox 905 3293 1120 3369; x_wconf 80' lang='lat' dir='ltr'>eenpositum2</span> 
     </span>
     <span class='ocr_line' id='line_1_28' title="bbox 105 3376 1089 3455; baseline 0 -19"><span class='ocrx_word' id='word_1_201' title='bbox 105 3393 141 3436; x_wconf 74' lang='lat' dir='ltr'>es</span> <span class='ocrx_word' id='word_1_202' title='bbox 163 3394 289 3455; x_wconf 83' lang='lat' dir='ltr'>empore</span> <span class='ocrx_word' id='word_1_203' title='bbox 311 3383 342 3437; x_wconf 86' lang='lat' dir='ltr'>et</span> <span class='ocrx_word' id='word_1_204' title='bbox 358 3379 453 3437; x_wconf 85' lang='lat' dir='ltr'>anima</span> <span class='ocrx_word' id='word_1_205' title='bbox 469 3384 522 3446; x_wconf 87' lang='lat' dir='ltr'>est,</span> <span class='ocrx_word' id='word_1_206' title='bbox 544 3378 583 3437; x_wconf 84' lang='lat' dir='ltr'>ita</span> <span class='ocrx_word' id='word_1_207' title='bbox 605 3394 655 3438; x_wconf 86' lang='lat' dir='ltr'>res</span> <span class='ocrx_word' id='word_1_208' title='bbox 669 3385 792 3438; x_wconf 79' lang='lat' dir='ltr'>cunetae</span> <span class='ocrx_word' id='word_1_209' title='bbox 814 3376 968 3454; x_wconf 84' lang='lat' dir='ltr'>studiaque</span> <span class='ocrx_word' id='word_1_210' title='bbox 992 3377 1089 3436; x_wconf 87' lang='lat' dir='ltr'>emnia</span> 
     </span>
     <span class='ocr_line' id='line_1_29' title="bbox 103 3458 1143 3539; baseline -0.005 -20"><span class='ocrx_word' id='word_1_211' title='bbox 103 3466 205 3520; x_wconf 70' lang='lat' dir='ltr'>amma</span> <span class='ocrx_word' id='word_1_212' title='bbox 228 3461 362 3539; x_wconf 87' lang='lat' dir='ltr'>eorporis</span> <span class='ocrx_word' id='word_1_213' title='bbox 384 3459 447 3531; x_wconf 84' lang='lat' dir='ltr'>alia,</span> <span class='ocrx_word' id='word_1_214' title='bbox 471 3459 527 3523; x_wconf 83' lang='lat' dir='ltr'>alia</span> <span class='ocrx_word' id='word_1_215' title='bbox 546 3461 637 3522; x_wconf 88' lang='lat' dir='ltr'>animi</span> <span class='ocrx_word' id='word_1_216' title='bbox 652 3469 798 3522; x_wconf 64' lang='lat' dir='ltr'>nasutum</span> <span class='ocrx_word' id='word_1_217' title='bbox 814 3465 978 3520; x_wconf 61' lang='lat' dir='ltr'>seeuueux.</span> <span class='ocrx_word' id='word_1_218' title='bbox 1001 3458 1143 3526; x_wconf 54' lang='lat' dir='ltr'>xvirum</span> 
     </span>
    </p>
   </div>
   <div class='ocr_carea' id='block_1_9' title="bbox 0 0 1217 3854">
    <p class='ocr_par' dir='ltr' id='par_1_9' title="bbox 0 0 1217 3854">
     <span class='ocr_line' id='line_1_30' title="bbox 0 0 1217 3854; baseline 0 0"><span class='ocrx_word' id='word_1_219' title='bbox 0 0 1217 3854; x_wconf 95' lang='lat' dir='ltr'> </span> 
     </span>
    </p>
   </div>
  </div>
 </body>
</html>
