2422 3854
129 207 171 270 54
301 223 345 264 nn
366 221 469 267 annno
493 218 693 265 rvovnnmuo
717 218 736 262 e
761 210 805 267 ho.
827 207 870 285 ²⁷.-
887 207 931 264 aa

76 371 117 434 id
172 378 180 393 ‘
210 369 253 431 lla
266 375 423 449 postquam
432 369 528 431 Cirtae
539 368 636 430 audita
650 375 728 439 sunt,
743 366 844 438 Italici,
861 383 989 446 querum
1003 367 1114 429 virtute

125 453 242 515 moenia
258 451 502 522 defensabantur,
526 452 628 513 conlisi
641 451 787 514 dedItione
800 451 878 512 lacta
891 455 1013 529 proptor
1027 467 1113 530 mag·

124 535 289 599 nitudInem
296 535 398 614 pepuli
408 535 534 598 Romani
547 533 699 597 inviolatos
709 552 775 597 sese
788 535 862 604 lere,
872 531 1032 596 Adherbali
1040 550 1113 596 sua·

127 620 198 680 dent
214 618 258 680 uti
274 637 365 699 seque
387 627 417 680 et
431 618 571 701 oppidum
588 617 747 698 Iugurthae
767 618 872 688 tradat,
891 623 1005 679 tantum
1022 615 1059 678 ab
1073 636 1112 680 ee

101 704 215 765 avitam
236 703 421 781 paciscatur:
451 703 488 764 de
507 703 611 764 ceteris
631 703 745 765 senatui
767 719 857 763 curae
875 702 950 763 loro.
994 699 1031 762 tt
1050 700 1133 773 Illee

126 786 242 848 mmetsi
263 788 359 848 omnia
381 787 497 866 potiora
517 786 574 847 dde
589 785 748 865 Iugurthae
765 784 902 854 rebatur,
922 790 1021 846 tamen
1042 787 1113 864 quia

127 886 219 949 penes
238 870 366 940 eosdem,
390 871 415 931 si
436 870 650 938 adversaretur,
673 869 797 947 cogundi
810 875 940 948 potestas
962 874 1040 939 erat,
1059 869 1110 939 ita,

100 954 170 1015 auti
191 959 368 1014 censuerant
387 952 494 1022 Italici,
516 952 693 1014 deditionem
709 954 786 1014 lacit.
804 951 991 1031 Iugurthain
1007 951 1112 1030 prImis

125 1034 323 1098 Adherbalem
340 1038 540 1098 excruciatum
553 1043 648 1107 necat,
668 1036 773 1098 deinde
794 1037 889 1098 omnis
905 1034 1034 1113 puberes
1047 1034 1110 1096 Nu·

126 1120 220 1181 midas
241 1125 328 1198 atque
350 1120 548 1196 negotiatores
568 1120 750 1199 promiscue,
776 1121 819 1181 uti
847 1120 970 1199 quisque
988 1120 1143 1181 armatisu

127 1201 229 1264 obelus
249 1202 353 1272 fuerat,
374 1203 519 1264 interficit.

76 1278 116 1338 27
211 1283 296 1355 Quod
311 1291 467 1365 postquam
486 1286 597 1348 Benene
619 1288 768 1366 cognitum
788 1294 833 1348 est
856 1296 885 1348 et
897 1305 946 1348 res
960 1288 991 1348 in
1004 1293 1109 1349 senatu

127 1369 228 1447 agitari
242 1375 354 1448 coepta,
365 1369 460 1430 eidem
471 1368 512 1430 illi
524 1370 650 1432 ministri
658 1372 737 1450 regis
750 1370 963 1449 interpellando
975 1388 1009 1432 ac
1020 1387 1110 1449 saepe

126 1453 230 1530 gratia,
240 1453 388 1516 interdum
407 1453 510 1530 iurgiis
529 1452 674 1515 trahundo
694 1461 811 1532 tempus
839 1456 1022 1515 atrocitatem
1039 1455 1110 1515 lacti

100 1534 283 1597 2leniebant.
315 1537 357 1598 Ac
371 1538 402 1597 ni
423 1537 457 1599 G.
473 1535 641 1606 Memmius,
656 1536 792 1599 uibunue
810 1535 908 1615 plebei
929 1538 1108 1614 designatus,
1118 1553 1142 1596 u

126 1620 170 1679 vir
187 1636 255 1680 acer
271 1624 300 1679 et
313 1620 435 1681 infestus
448 1620 595 1697 potentiae
609 1619 774 1689 nobilitatis,
789 1619 930 1698 populum
942 1619 1111 1681 Romanum

127 1700 347 1771 edocuissetid
362 1704 418 1780 agi,
434 1709 467 1763 ut
483 1719 538 1781 per
551 1720 662 1782 paucos
679 1704 814 1764 factiosos
835 1701 994 1780 Iugurthae
1010 1702 1111 1764 scelus

127 1783 360 1856 condonaretur,
382 1785 517 1864 prolecto
539 1788 633 1848 omnis
646 1786 753 1849 invidia
766 1784 946 1864 prolatandis
961 1785 1109 1848 consulta-

125 1866 255 1929 tionibus
275 1868 384 1947 dilapsa
405 1869 497 1932 feret:
516 1877 596 1931 tanta
612 1871 655 1932 vis
674 1871 785 1948 gratiae
800 1877 887 1948 atque
901 1869 1043 1947 pecuniae
1058 1887 1108 1930 re-

102 1951 172 2029 tgis
187 1958 259 2013 erat.
292 1952 343 2015 Set
355 1952 406 2014 ubi
417 1959 535 2015 senatus
554 1952 651 2015 delicti
664 1954 841 2014 conscientia
855 1951 997 2031 populum
1013 1953 1106 2023 tImet,
1115 1970 1143 2013 aa

125 2034 191 2112 lege
203 2035 376 2115 Sempronia
386 2038 555 2115 provinciae
569 2037 675 2097 futuris
690 2035 860 2097 consulibus
871 2034 1007 2097 Numidia
1018 2041 1107 2114 atque

100 2116 207 2179 altalia
228 2120 378 2181 decretae:
401 2118 536 2182 consules
556 2119 695 2181 declarati
709 2119 742 2179 P.
759 2118 855 2197 Scipio
870 2118 984 2190 Nasica,
999 2119 1032 2180 L.
1049 2118 1107 2181 Be·

39 2247 40 2250 ,
127 2198 391 2284 stia[Galpurnius]:
402 2201 559 2282 Calpurnio
573 2202 717 2273 Numidia,
736 2202 865 2281 Scipioni
876 2201 958 2264 Italia
972 2201 1106 2264 obvenit:

102 2283 232 2346 tdeinde
253 2287 411 2356 exereitus,
432 2289 482 2367 qui
499 2287 530 2347 in
543 2285 671 2347 Africam
686 2292 870 2365 portaretur,
892 2285 1039 2356 scribitur,
1056 2288 1107 2347 sti·

127 2368 266 2446 pendium
280 2369 401 2450 dieque,
425 2387 500 2448 quae
514 2368 592 2432 bollo
614 2370 681 2431 usui
701 2371 807 2440 terent,
830 2369 1040 2431 decernuntur.
1114 2387 1140 2429 aa

77 2449 117 2512 28
211 2453 248 2512 At
266 2452 407 2532 Iugurtha
429 2458 531 2514 centra
552 2471 635 2532 spem
651 2454 753 2515 nuntio
769 2459 904 2531 accepto,
928 2454 1036 2533 quippe
1058 2455 1108 2515 eui

127 2536 237 2598 Romae
251 2538 347 2597 emnia
362 2553 487 2597 vaenum
502 2537 547 2598 ire
561 2538 592 2598 in
606 2539 703 2598 anime
717 2537 867 2605 haeserat,
887 2535 979 2597 fllium
993 2542 1022 2599 ct
1038 2555 1108 2599 enm

128 2639 162 2682 ee
178 2621 253 2682 dues
266 2618 416 2680 familiaris
430 2618 467 2679 ad
482 2625 616 2680 senatum
630 2619 741 2696 legatos
754 2619 849 2688 mittit,
867 2621 976 2698 eisque,
990 2621 1034 2681 uti
1047 2618 1107 2689 illis

128 2720 202 2783 ques
217 2701 383 2781 Hiempsale
396 2701 550 2763 interiecto
565 2703 693 2771 miserat,
705 2703 856 2779 praecipit,
870 2703 964 2763 omnis
974 2702 1107 2766 mortalis

101 2786 252 2865 apecunia
271 2785 489 2862 adgrediamur.
522 2784 579 2856 Qui
591 2791 747 2863 postquam
762 2783 886 2847 Romam
901 2785 1105 2858 adventabant,
1115 2801 1144 2844 :e

127 2873 245 2929 senatus
259 2887 277 2928 a
290 2868 389 2929 Bestia
403 2867 552 2930 consultus
566 2880 619 2938 est,
635 2867 802 2946 placeretne
818 2868 930 2947 legates
946 2869 1107 2946 Iugurthae

127 2950 219 3028 recipi
240 2949 408 3012 moenibus:
429 2952 514 3030 eique
534 2951 701 3022 decrevere,
724 2953 780 3014 nisi
806 2971 932 3033 regnum
950 2953 1106 3031 ipsumque

129 3032 258 3096 deditum
279 3033 439 3102 venissent,
459 3035 501 3096 uti
514 3035 545 3095 in
560 3033 663 3097 diebus
675 3037 827 3115 proxumis
842 3036 944 3097 decem
957 3033 1038 3097 Italia
1054 3037 1105 3098 de-

102 3117 278 3184 aeederent.
301 3115 548 3181 ConsulNumidIs
559 3135 594 3179 ex
604 3126 723 3180 senatus
734 3120 852 3182 decreto
866 3119 994 3180 nuntiari
1007 3119 1104 3182 iubet:

128 3205 168 3264 ita
183 3202 298 3264 iniectis
318 3199 409 3262 rebus
429 3198 470 3260 illi
491 3199 610 3262 demum
632 3202 793 3265 discedunt.
1112 3220 1141 3263 aa

102 3297 122 3345 a
214 3285 336 3348 Interim
348 3282 524 3362 CalpurnIus
543 3292 646 3363 parate
661 3288 792 3349 exercitu
810 3284 888 3363 legat
901 3283 956 3346 sibi
970 3286 1105 3348 homines

129 3368 235 3430 nebdis
249 3369 399 3438 factiosos,
423 3385 550 3446 querum
570 3371 741 3432 auctoritate
760 3386 835 3447 quae
851 3366 1018 3447 deliquisset
1037 3387 1112 3433 mu·

128 3453 189 3513 nita
210 3453 274 3515 lere
295 3451 446 3533 sperabat:
469 3453 499 3512 in
519 3452 583 3531 quis
603 3452 658 3515 luit
679 3453 816 3522 Scaurus,
840 3453 922 3514 euius
942 3451 978 3514 de
999 3461 1106 3517 natura
