2422 3854
154 184 192 246 lo
269 203 311 243 nn
334 200 506 244 cermmsu
531 198 770 242 ocurrere-ioue
795 199 823 241 o.
845 191 887 245 31-
911 191 954 246 32·
978 192 1022 246 33.

151 349 212 412 lum
226 350 362 418 tendere,
378 349 518 431 ,miserari
532 364 637 426 parvos
658 345 782 416 liberos,
806 349 949 424 rogitare,
969 366 1067 410 omnia
1081 367 1133 428 pa-

152 425 229 502 v'ere,
245 432 382 510 superbia
397 438 484 510 atque
495 431 605 493 deliciis
616 431 730 491 omissis
740 427 796 490 sibi
807 432 977 509 patriaeque
988 432 1132 497 diffidere.

125 526 143 573 4
235 518 271 576 lt
290 514 426 575 Catilinae
446 515 572 576 crudelis
595 516 708 575 animus
731 513 832 575 eadem
855 512 902 574 illa
924 515 1069 586 movebat,
1090 523 1132 578 ta-

90 596 92 603 '
152 601 236 661 mctsi
248 598 392 676 praesidia
404 598 582 676 parabantur
609 603 638 658 st
652 598 715 674 ipsc
729 597 795 673 lege
809 595 920 658 Plautia
935 599 1133 676 interrogatus

124 689 215 743 cerat
228 680 265 742 ab
283 682 315 742 L.
330 680 430 741 Paulo.
451 681 604 741 Postremo
623 679 820 741 dissimulandi
844 698 931 743 causa
955 681 1002 744 vel
1018 684 1064 744 sui
1083 702 1154 745 ens

151 764 308 843 purgandi,
329 763 423 825 sicubi
435 765 532 847 lprglo
547 760 702 824 lacessitus
718 761 809 832 loret,
838 764 1021 826 incenatum
1042 767 1131 826 venit
1171 830 1173 833 ,

125 848 227 911 o'lum
242 849 280 908 ll.
301 845 415 908 rullius
437 845 554 916 consul,
577 848 636 906 sive
650 847 845 921 praesentiam
861 848 923 907 eius
946 849 1051 909 timens
1072 850 1133 910 sive

152 933 195 991 irs
211 936 379 1000 conmotus,
395 931 557 991 orationem
569 928 671 1012 habuit
685 926 863 989 luculentam
875 935 962 1008 etque
973 929 1074 992 utilem
1088 933 1133 993 rei

125 1014 301 1092 rpublicae,
320 1030 406 1090 quam
423 1021 524 1091 postea
539 1013 677 1089 scriptam
693 1011 789 1072 edidit.
821 1012 871 1073 Set
884 1012 936 1073 ubi
946 1013 994 1075 ille
1010 1014 1131 1085 adsedit,

152 1097 286 1165 Catilina,
309 1102 342 1156 ut
363 1101 425 1156 erat
447 1102 566 1172 paratus
588 1094 623 1155 ad
646 1093 851 1156 dissimulanda
875 1097 985 1165 omnia,
1004 1097 1131 1158 demisso
1140 1111 1167 1154 lo

150 1181 229 1241 voltu
247 1197 319 1239 voce
341 1177 464 1255 subplici
477 1177 625 1256 postulare
640 1196 656 1238 a
671 1177 803 1254 patribus
818 1180 927 1256 coepit,
951 1197 989 1239 ne
1010 1180 1080 1258 quid
1095 1181 1133 1241 de

150 1279 182 1324 se
199 1270 310 1323 temere
326 1262 494 1322 crederent:
510 1279 544 1322 ea
555 1261 661 1321 lamilia
677 1268 790 1330 ortum,
808 1263 847 1323 ita
861 1279 893 1322 se
908 1261 944 1322 ab
961 1260 1132 1324 adrdescen·

151 1348 189 1407 tia
203 1348 290 1406 vitam
305 1346 477 1414 instituisse,
496 1351 529 1405 ut
544 1342 641 1404 omnia
655 1344 734 1405 bona
746 1345 776 1405 in
792 1362 846 1423 spe
864 1344 1001 1409 haberet:
1018 1363 1056 1407 ne
1071 1347 1131 1406 exi·

150 1434 321 1497 stumarent,
335 1428 399 1497 sibi,
415 1429 538 1521 patricio
550 1428 670 1497 homini,
689 1429 771 1489 cuius
780 1429 871 1506 ipsius
886 1435 974 1508 atque
984 1430 1131 1491 maiorum

150 1512 286 1590 pluruma
304 1510 437 1572 benificia
449 1512 479 1572 in
495 1509 637 1597 populum
650 1511 814 1572 Romanum
829 1519 942 1581 essent,
965 1513 1081 1590 perdita
1097 1530 1165 1573 rere

149 1595 267 1672 publica
278 1612 358 1683 opqs
368 1612 446 1665 esse,
465 1611 532 1654 cum
549 1582 759 1656 eaiii'iervalet
772 1593 810 1653 ll.
823 1589 955 1663 Tullius,
972 1595 1131 1673 inquilinus

123 1680 222 1738 sciris
243 1676 326 1736 urbis
342 1678 460 1755 Romae.
504 1676 547 1736 lo
570 1677 625 1736 hoc
641 1676 716 1736 male
732 1677 808 1736 dicta
831 1674 886 1736 alie
908 1693 976 1736 cum
1001 1677 1131 1747 adderet,

123 1769 140 1820 t
152 1755 323 1835 obstrepere
335 1774 445 1826 omnes,
457 1757 570 1820 hostem
585 1765 671 1838 atque
682 1757 842 1836 paricidam
855 1777 971 1820 vocare.
994 1759 1070 1821 Tum
1084 1757 1133 1822 ille

150 1840 326 1901 furibundus
343 1842 489 1919 ‘quoniam
501 1842 618 1920 quidem
633 1840 856 1904 circumventus
868 1843 961 1922 inquit
974 1843 1019 1903 ‘ab
1037 1844 1131 1906 inimi·

150 1941 191 1985 cis
205 1941 347 2002 praeceps
363 1941 448 2002 agor,
466 1926 632 1987 incendium
648 1944 746 1986 meum
761 1927 847 1986 ruina
863 1925 1060 2002 restinguam’.
1141 1947 1168 1988 ao

99 2003 139 2064 32
233 2007 343 2068 Deinde
364 2026 395 2069 se
415 2028 449 2069 ex
472 2010 688 2070 curia‘domum
710 2009 863 2086 proripuit.
903 2004 947 2068 Ibi
963 2008 1053 2069 multa
1068 2010 1132 2087 ipse

149 2109 249 2152 secum
265 2091 396 2162 volvens,
421 2094 499 2171 quod
516 2110 611 2170 neque
628 2090 749 2151 insidiae
770 2089 882 2151 consuli
901 2088 965 2124 *¹¹³*
988 2092 1131 2169 procede·

148 2173 219 2234 bant
235 2180 264 2234 et
278 2174 314 2235 ab
329 2176 463 2238 incendio
477 2173 662 2250 intellegebat
676 2173 781 2235 urbem
795 2173 897 2251 vigiliis
912 2175 1061 2245 munitam,
1079 2193 1131 2254 op·

149 2263 262 2319 tumum
281 2259 359 2319 lactu
379 2260 502 2320 credens
524 2258 684 2319 exercitum
707 2275 815 2336 augere
837 2276 871 2319 ac
892 2259 974 2339 prius
987 2276 1074 2338 quam
1088 2258 1130 2320 le·

145 2341 249 2418 giones
261 2340 470 2411 scriberentur,
484 2339 575 2401 multa
587 2346 763 2419 antecapere
771 2357 847 2418 quae
858 2340 936 2402 bello
947 2343 1013 2402 usui
1025 2344 1132 2414 lorent,
1146 2363 1168 2406 es

144 2431 231 2484 nocte
242 2424 418 2504 intempesta
430 2445 496 2487 cum
506 2427 609 2504 paucis
619 2424 804 2487 inllanlisna
816 2433 911 2487 castra
919 2427 1072 2504 profectus
1080 2435 1135 2488 est.

120 2505 198 2568 eset
209 2508 337 2586 Cethego
357 2516 448 2585 etque
462 2509 587 2570 Lentulo
612 2511 794 2584 ceterisque,
814 2526 938 2584 quorum
956 2518 1137 2585 cognoverat

149 2604 314 2674 promptam
336 2592 502 2661 audaciam,
522 2591 656 2662 mandat,
680 2592 785 2670 quibus
802 2591 892 2652 rebus
909 2593 1036 2671 possint,
1060 2612 1132 2673 opes

150 2679 280 2739 factionis
301 2677 482 2745 confirment,
504 2673 623 2734 insidias
640 2673 751 2734 consuli
771 2680 925 2745 maturent,
950 2677 1068 2740 caedem
1086 2680 1130 2740 in·

150 2762 251 2822 cendia
273 2759 385 2836 aliaque
405 2757 475 2820 belli
492 2758 621 2818 facinora
642 2763 760 2834 parent:
782 2774 847 2820 sese
867 2762 1040 2839 propediem
1062 2779 1165 2824 cumso

147 2861 253 2922 niagno
276 2843 407 2901 exercitu
429 2840 466 2899 ad
485 2838 590 2900 urbem
613 2838 809 2901 adcessurum.

97 2933 136 2996 33
231 2924 304 2985 Dum
320 2922 394 2983 haec
406 2921 517 2984 Romae
531 2928 688 2998 geruntur,
705 2923 738 2984 G.
749 2924 872 2988 Manlius
888 2947 923 2989 ex
935 2945 989 2990 suo
1004 2947 1128 2990 numero

145 3010 255 3085 legatos
277 3005 313 3065 cd
337 3004 480 3065 Marcium
497 3005 608 3084 Regem
632 3007 718 3068 mittit
745 3027 811 3072 cum
835 3011 977 3072 mandatis
1005 3012 1128 3076 huiusce

120 3090 239 3155 smodi·
256 3088 342 3147 ‘Deos
357 3087 548 3168 hominesque
567 3096 722 3163 testamur,
738 3096 907 3176 imperator,
916 3113 970 3155 nos
981 3114 1061 3158 arma
1075 3116 1126 3161 ne·

147 3190 204 3251 que
227 3176 329 3231 contra
348 3173 473 3250 patriam
489 3175 599 3253 cepisse
638 3193 734 3255 neque
754 3198 812 3258 quo
828 3177 991 3258 periculum
1008 3181 1070 3241 aliis
1085 3182 1162 3243 lar-ss

147 3270 294 3322 ceremus,
317 3262 362 3316 set
376 3256 418 3316 uti
432 3275 556 3336 corpora
571 3266 670 3320 nostra
689 3261 724 3322 ab
742 3264 846 3324 iniuria
861 3269 923 3322 tuta
944 3261 1049 3335 forent,
1066 3266 1125 3343 qui,

145 3336 244 3396 miseri
259 3345 393 3416 egentes,
409 3341 543 3403 violentia
560 3350 647 3424 atque
666 3346 835 3407 crudelitate
851 3345 1049 3410 feneratorum
1064 3348 1126 3426 ple·

139 3419 411 3499 riquepatrlac,set
426 3442 527 3490 omnes
537 3428 615 3491 lema
625 3435 712 3510 atque
723 3429 847 3493 fortunis
858 3438 993 3512 expertes
1008 3451 1125 3496 sumus:
