2422 3854
469 225 656 269 PRAEFA'HO·
813 252 816 265 ι
1022 226 1057 271 xi

75 343 175 393 Linkcr.
206 367 238 378 -·
260 342 302 400 10,
316 342 340 390 1.
363 341 532 397 memorabile,
554 340 577 389 si
594 354 646 390 555
663 339 795 405 archetypi
812 342 979 405 scripturum,
1000 338 1058 390 Sal·

77 410 155 461 lustio
171 408 314 473 digniorem
331 421 402 468 essa,
425 421 502 468 quum
518 407 632 458 mirabile
653 405 716 455 mihi
734 420 885 470 persuasum
902 415 952 467 est,
976 421 1058 469 neque

77 478 161 538 555151
182 475 252 536 quod
273 475 387 536 sequitur
408 489 555 535 memorare.
598 489 645 526 nno
666 487 820 535 quamquem
842 487 949 538 prorsus
974 473 1059 524 delere

76 559 127 594 non
150 557 228 592 ausus
251 555 321 600 sum,
348 550 432 590 tamen
455 540 545 590 malins
567 540 713 590 abfuturum
734 553 792 589 cum
810 537 894 590 Curtio
915 540 1008 592 iudico.
1026 568 1059 580 -

75 611 120 674 80,
131 610 157 659 6.
174 606 288 674 Boccbo]
310 607 406 658 Bocchi
416 609 436 659 Ι.
465 606 522 657 Nisi
538 607 588 656 5115
606 622 685 669 eaque
696 606 824 656 luculenta
835 607 986 657 documento
998 622 1059 673 pro·

76 675 126 726 lata
143 675 245 734 inerint,
263 674 356 737 quibus
374 684 458 724 utrum
475 674 598 740 Iugurtha
615 673 718 733 Bocchi,
743 687 776 723 cn
794 672 835 722 hic
850 673 919 724 illius
937 673 1059 724 111155ιί5

77 743 266 792 matrimonium
283 741 393 801 duxerit,
411 742 515 806 planum
533 740 586 800 1151,
607 740 710 791 Boccho
728 741 759 789 ab
776 740 848 791 libris
866 742 1059 804 antiquissumis

76 808 280 859 commendatum
301 808 461 858 retinendum
482 817 558 873 puto;
588 823 669 868 eoque
690 808 775 872 magis
796 808 866 868 quod
883 807 1012 857 Bocchum
1033 810 1059 858 15

75 877 206 926 Romanos
243 889 382 939 repensum
399 889 457 924 cum
467 874 591 940 Iugurtha
607 873 762 924 adfinitatem
773 874 878 938 iungere
888 874 1001 925 voluisse
1012 875 1060 925 mi-

75 958 124 993 nus
143 943 196 991 veri
214 958 226 992 s
263 941 419 1002 deridetur,
438 957 514 1004 quam
531 941 598 991 hunc
615 955 667 1004 quc
684 940 753 990 iilius
770 942 883 990 animum
900 956 946 1007 per
963 956 1058 1007 proxu-

75 1024 132 1060 mus
149 1011 177 1059 in
197 1009 288 1067 5115551,
307 1020 335 1056 ιιι
351 1008 404 1058 5115
420 1009 486 1058 15155
497 1008 564 1058 illius
576 1022 671 1058 uxores
683 1017 760 1067 esset,
777 1009 916 1058 curavisse.
927 1034 960 1043 -
977 1008 1019 1067 81,
1034 1011 1059 1060 2.

73 1078 158 1143 ibique
187 1073 382 1139 ***Metciluc]
403 1076 439 1126 ibi
456 1075 617 1137 51155155
633 1075 653 1128 1.
684 1074 835 1125 1155551555
852 1089 900 1140 555
924 1085 950 1124 51
972 1087 1059 1125 555155

75 1159 164 1194 rursus
188 1144 309 1207 expensis
331 1143 379 1192 sub
401 1142 487 1193 iudice
507 1143 576 1192 litem
597 1141 741 1203 relinquere
760 1141 837 1192 15515.
855 1168 889 1178 -
910 1142 952 1202 85,
965 1146 989 1193 3.
1007 1158 1061 1192 cum

74 1225 189 1261 macumo
211 1211 324 1271 55551515
346 1217 433 1261 555155
455 1207 525 1274 5.1.]
552 1225 607 1260 eron
631 1224 746 1260 51551555
773 1217 859 1260 vostro
880 1209 1003 1272 benificio.
1028 1235 1060 1245 -

74 1277 171 1336 85,10.
189 1273 295 1341 amiani]
312 1282 409 1326 mutare
421 1277 440 1327 Ι.
462 1276 500 1326 Ob
517 1276 597 1326 multu
614 1275 731 1340 exempla
742 1291 757 1328 e
769 1279 816 1326 cti
832 1275 997 1326 confusorum
1009 1291 1060 1327 non

74 1351 172 1393 tuntum
189 1343 274 1392 tribuo
292 1343 373 1391 codici
384 1343 413 1400 P,
431 1353 459 1392 ut
475 1343 546 1403 quod
562 1357 642 1392 unum
659 1343 781 1392 cretionis
799 1342 899 1391 flumini
917 1344 1060 1403 eonveuiat,

75 1409 144 1458 illins
161 1407 213 1457 1155
229 1415 333 1460 mutem.
350 1432 384 1443 -
401 1409 444 1469 85,
457 1411 498 1460 11.
513 1424 558 1459 coo
574 1411 701 1473 imperare
719 1404 786 1474 5.1.]
812 1424 856 1459 555
872 1410 1057 1473 imperatorem.

76 1474 235 1536 Quamquam
260 1484 342 1524 nutem
365 1474 414 1525 sibi
439 1475 472 1525 ob
497 1474 614 1525 codicum
641 1476 816 1524 auctoritatem
843 1476 945 1524 exulare
970 1477 1061 1526 debere

75 1555 198 1607 agnosco,
216 1549 300 1591 tamen
318 1544 379 1603 quia
396 1543 586 1606 ambiguitatem
609 1556 717 1606 prorsus
738 1552 859 1601 removet,
882 1542 944 1590 mihi
962 1542 1061 1607 5155555

76 1622 127 1658 555
145 1607 240 1659 infitias
262 1609 300 1656 ire
316 1610 408 1660 55555.
425 1633 459 1646 —-
479 1609 522 1668 85,
536 1610 576 1659 14.
595 1608 754 1660 obiectaretur
770 1623 791 1659 c.
804 1610 823 1659 1.
862 1609 1011 1661 obiciuntur.
1029 1635 1061 1648 -

75 1675 116 1734 85,
131 1676 171 1726 16.
186 1671 280 1740 possit]
297 1675 417 1739 5555511.
429 1702 462 1713 -
480 1677 577 1734 8511.
592 1673 701 1741 fociant]
715 1677 813 1737 sociant
837 1701 886 1726 .-
904 1678 945 1736 85,
959 1678 1001 1730 22.
1017 1692 1061 1727 ree

76 1740 232 1805 5555151]
252 1742 464 1792 5551515551.-
486 1743 529 1805 85,
540 1744 582 1792 24.
604 1737 941 1858 51155555515.1.5)55155
961 1746 1009 1794 rei.
1029 1768 1061 1781 —

76 1810 118 1868 85,
131 1809 172 1857 26.
190 1813 276 1858 vostro
293 1823 407 1859 mucutmo
429 1807 496 1872 5.1,]
518 1825 634 1860 maxumo
655 1818 748 1860 cortro-
771 1834 805 1844 —
826 1809 887 1861 115.
910 1824 948 1861 rna
968 1826 1062 1876 cosque

77 1869 144 1940 5.1.]
163 1888 249 1939 meque
267 1889 369 1940 cosque.
392 1901 424 1911 -
445 1875 488 1934 85,
502 1877 542 1927 21.
566 1891 601 1925 ecc
622 1877 699 1926 5515ιί
717 1877 766 1926 mei
785 1879 912 1926 sententia
928 1892 951 1928 c.
969 1873 1002 1942 1.]
1027 1893 1062 1928 ca

76 1943 152 1992 animi
172 1943 307 1992 uenientia.
329 1967 361 1979 ·-
383 1941 426 2002 85,
438 1943 479 1993 29.
499 1939 616 2006 pectore]
637 1957 746 2005 corpore
768 1942 787 1992 Ι.
824 1940 923 1992 Scilicet
947 1943 1060 2004 volnera,

76 2022 141 2070 quac
163 2018 266 2072 pectora
287 2008 397 2058 advorso
421 2018 540 2073 excepta,
568 2008 646 2058 multo
669 2008 836 2058 laudabiliora
863 2019 887 2060 et
909 2009 1059 2074 gloriosiora

76 2084 145 2134 sunt,
162 2088 237 2136 quam
257 2088 322 2136 quae
339 2076 450 2126 advorso
468 2090 583 2143 corpore,
601 2090 663 2140 ergo
681 2075 720 2124 vel
737 2085 824 2125 ventre
840 2076 880 2125 vel
896 2077 1058 2141 5551555.-

78 2141 121 2201 85,
134 2143 176 2192 80.
193 2148 290 2206 equorei
306 2139 379 2208 meis]
398 2157 444 2208 555
461 2145 522 2194 meir
538 2143 559 2196 1.
587 2142 652 2193 Illud
673 2157 827 2205 quamquam
850 2158 916 2192 unus
934 2158 966 2192 ex
981 2143 1000 2194 G
1017 2159 1062 2194 ex·

80 2207 149 2256 hibet
166 2216 250 2257 tamen
269 2219 372 2273 optume
389 2210 519 2260 inventum
537 2224 603 2271 essa,
620 2224 677 2259 cum
695 2210 727 2259 ob
740 2211 857 2272 codicum
868 2210 1061 2275 discrepantius,

80 2283 134 2322 tum
153 2274 184 2321 cb
203 2277 341 2324 sententiae
352 2277 503 2340 gravitatem
519 2277 612 2330 iudico.
624 2301 657 2312 -
673 2277 715 2337 85,
728 2278 770 2328 84.
787 2277 836 2326 Eis
847 2274 903 2341 eqo]
921 2277 1062 2343 11155551.

81 2337 129 2396 Qui
147 2336 306 2388 librariorum
324 2352 441 2391 naturam
456 2357 591 2405 moresque
604 2344 709 2402 noverit,
728 2352 811 2391 utrum
823 2344 862 2392 bie
878 2358 909 2391 55
921 2345 944 2392 io
961 2345 978 2392 i.
991 2360 1013 2397 e.
1025 2346 1062 2394 eis

79 2418 167 2455 verum
184 2405 226 2463 sit,
245 2419 298 2454 non
315 2421 348 2456 ax
365 2407 465 2457 illorum
483 2407 533 2458 1155
550 2409 741 2458 diiudicandum
759 2423 816 2458 esse
833 2409 949 2458 55155-
967 2410 1009 2470 85,
1019 2412 1061 2462 bi.

78 2472 179 2521 incultis
195 2471 305 2524 moribus
322 2472 385 2537 5.1.]
407 2475 523 2525 incultum
544 2474 660 2525 moribus.
683 2499 718 2512 ·-
738 2474 779 2535 80,
792 2477 834 2526 40.
854 2477 915 2527 uiris
937 2473 1059 2542 laborem]

76 2538 187 2589 laborem
204 2541 266 2589 uiris
283 2540 302 2588 1.
337 2538 472 2590 05155555
494 2555 552 2590 cum
574 2541 658 2591 latinis
682 2542 837 2602 oratoribus,
864 2552 917 2592 tum
940 2541 1061 2593 Sallustio

39 2617 41 2620 ⁴
75 2607 111 2654 115
129 2615 265 2656 consuetus
283 2617 329 2667 est,
347 2617 375 2657 51
392 2623 432 2658 me
449 2622 500 2657 nun
519 2609 621 2673 pudeat,
639 2609 709 2670 quod
721 2617 805 2658 utrum
823 2609 877 2660 h.l.
890 2610 1061 2675 5555515155-

77 2672 133 2721 ticla
151 2672 238 2723 sciolis
255 2675 390 2725 restitutus
412 2689 445 2724 an
463 2677 495 2726 55
512 2676 569 2740 ipso
587 2675 711 2740 scriptore
728 2677 859 2726 institutus
877 2678 924 2736 sit,
950 2678 1060 2729 incertus

78 2736 203 2787 haeream.
219 2764 253 2775 -
271 2741 312 2801 85,
325 2743 366 2792 41.
385 2741 470 2792 Verba
487 2745 555 2807 qaod
569 2745 639 2792 iuuat
655 2751 683 2792 51
700 2743 731 2790 55
745 2742 861 2792 omnibus
873 2744 1004 2795 codicibus
1016 2745 1061 2795 ab·

77 2817 135 2854 esse
151 2805 278 2854 crederem
295 2818 438 2873 propterea,
457 2807 527 2870 quod
543 2811 569 2857 iu
582 2806 682 2858 lorduni
700 2810 810 2859 editione
822 2811 998 2876 omissurum,
1015 2813 1060 2862 55-

76 2870 135 2920 5551
151 2885 203 2920 555
215 2875 295 2936 potui.
310 2899 341 2910 -
360 2875 421 2926 ibid.
445 2892 471 2925 15
488 2886 605 2927 convictu
622 2890 673 2925 non
692 2876 723 2925 55
736 2875 857 2926 librorum
868 2877 954 2942 fldem,
971 2879 1060 2929 55155

76 2938 227 2988 sententiam
245 2950 391 3005 suspectum
408 2941 505 3007 habeo,
531 2952 618 2992 contra
640 2943 671 2993 ab
692 2943 808 2994 ruborem
831 2945 954 2995 vocabulo
979 2959 1058 2996 uncos

76 2998 225 3070 5515511.-
243 3006 285 3066 85,
297 3007 339 3056 42.
360 3002 512 3075 [55551555]]
532 3009 581 3060 551.
594 3009 613 3058 1.
640 3008 678 3060 05
690 3008 812 3060 librorum
824 3009 901 3061 fidem
913 3024 1060 3076 suspectum

76 3086 134 3121 esse
152 3071 240 3131 151555,
259 3074 291 3122 55
309 3075 460 3123 sententiam
477 3086 546 3125 certe
560 3076 622 3126 haut
637 3077 836 3132 incommodum.
854 3102 889 3116 -
904 3079 946 3139 85,
955 3079 997 3129 45.
1017 3078 1060 3129 bc·

76 3135 133 3187 bete
151 3136 217 3202 5.1.]
233 3139 357 3191 habetote.
392 3139 429 3191 De
446 3149 522 3207 utque
544 3144 714 3207 suspiciones,
737 3145 882 3204 quaemihi
901 3145 932 3195 ob
949 3144 1060 3194 latinita-

77 3214 129 3254 tem
146 3206 273 3271 subortae,
293 3207 406 3258 nondum
418 3208 532 3258 sublatuc
543 3220 611 3260 sunt.
623 3236 655 3247 -
672 3210 715 3271 85,
726 3213 770 3264 47.
785 3213 926 3275 5551551115.
940 3208 973 3275 1.]
986 3215 1059 3276 pen*-

78 3273 296 3333 55115.-86,1.
315 3275 405 3334 armis,
428 3275 487 3326 aliie
507 3271 619 3342 utilibus]
643 3276 720 3328 555115
741 3279 847 3343 aliisque
869 3277 969 3328 utilibus
985 3277 1005 3329 1.
1026 3303 1058 3318 ·-

76 3337 155 3398 68,1.
173 3340 307 3403 accipitur]
325 3343 489 3407 5551511551.
517 3340 579 3392 cum
602 3357 656 3397 555.
680 3345 779 3409 optumi
802 3345 859 3393 11551
882 3346 1058 3405 5555555551,

77 3417 121 3452 cur
138 3407 266 3469 accipitur
283 3421 315 3456 ex
333 3408 462 3460 nonnullis
479 3407 582 3459 alterins
600 3410 701 3475 generis
723 3412 871 3460 neccssariu
885 3412 1074 3472 5555555555

76 3470 124 3531 ¹¹⁸»
145 3483 196 3522 non
217 3475 357 3540 perspicio.
379 3501 412 3516 -
434 3477 479 3542 80,
489 3479 516 3531 8.
533 3479 604 3530 illum
620 3481 715 3544 555511
731 3472 935 3540 5555ιὴ11155
955 3466 1094 3519 cume&-
