2422 3854
300 223 343 263 ns
362 221 465 265 aeneo
487 221 686 266 rvorernmo
710 221 738 266 o.
758 213 802 268 σο.
825 215 868 270 61.
1036 208 1077 268 75

96 371 207 432 aridius
228 368 313 432 elteri
332 368 440 430 alteros
461 371 592 431 sauciare
615 387 703 448 quam
722 377 815 431 semet
829 379 946 448 tegere:
964 371 1100 434 clamore

93 455 257 534 permixtus
266 453 431 514 hortatione
443 451 550 514 laetitia
565 453 683 530 gemitu,
695 454 766 516 item
776 455 914 533 saepius
925 473 1076 518 armorum

96 536 133 598 ad
146 534 261 598 eaelum
282 538 368 606 ferri,
389 533 446 597 tela
467 537 615 616 utrimque
631 534 739 598 volare.
786 537 838 600 Set
857 536 907 609 illi,
931 540 982 618 qui
995 549 1105 600 moe-3

94 620 144 681 nia
165 619 365 719 defensabant,
383 616 439 719 ubi
451 620 551 681 hostes
564 619 685 699 paulum
701 621 791 682 modo
805 636 934 699 pugnam
955 625 1076 684 remise·

72 701 976 867 ·utintercapedanteaaa
985 718 1102 850 rra⁴

95 870 277 941 adverteres,
301 888 336 931 ac
355 869 449 931 sicubi
464 870 558 931 audiri
579 888 596 929 a
619 872 680 932 suis
694 879 744 933 ant
757 872 840 932 cerni
855 879 990 951 possent,
1013 889 1075 932 mo-

95 971 166 1016 nere
185 951 234 1016 alii
254 953 302 1014 aiii
316 953 438 1024 homeri,
460 960 511 1014 aut
523 970 611 1016 manu
626 955 791 1032 significare
812 961 862 1016 aut
878 956 931 1015 niti
945 957 1076 1031 corpori·

94 1037 166 1135 bus,
188 1044 219 1098 et
245 1052 280 1099 ea
301 1036 360 1099 hnc
378 1044 415 1136 et·
430 1036 604 1137 tituequaei
625 1038 775 1100 vitabundi
793 1045 843 1099 aaut
860 1039 998 1100 iacientes
1020 1035 1077 1098 teta

60 1119 534 1284 ‘tritaet-”tete
550 1123 1021 1283 auditiauditi
1033 1136 1104 1265 123⁵

94 1287 248 1349 simulare:
270 1289 331 1364 pati
345 1287 485 1349 Numidas
501 1290 564 1349 sine
578 1288 705 1350 tumultu
719 1291 799 1366 regis
812 1288 958 1367 proelium
972 1291 1075 1349 tisere.

93 1369 138 1431 lta
151 1369 209 1431 iidie
228 1370 324 1432 eorde
338 1386 460 1432 snorum
478 1370 623 1431 adstrictis
642 1378 766 1450 repente
786 1389 894 1450 magna
910 1373 939 1432 vi
959 1382 1105 1434 murumu

95 1454 280 1530 adgreditur,
297 1461 327 1515 et
341 1455 400 1515 iem
413 1451 500 1514 scedis
513 1457 623 1530 egressi
635 1454 741 1515 milites
756 1468 852 1534 prope
866 1472 979 1516 summa
992 1471 1076 1532 cepe·

61 1544 171 1607 rerunt,
187 1552 255 1598 eum
266 1536 404 1616 oppidani
417 1543 609 1608 concurrerat,
624 1536 735 1616 lapides
748 1540 846 1616 ignem
858 1537 913 1599 alia
924 1543 1077 1618 praeterea

93 1620 153 1682 tela
174 1622 322 1698 ingertmt.
366 1620 465 1682 Nostri
485 1621 582 1699 primo
602 1622 755 1683 resistere:
777 1620 898 1691 deinde,
925 1621 978 1682 nbi
1000 1629 1102 1681 uocet

95 1712 182 1783 atque
196 1704 307 1766 altene
321 1703 417 1766 scalae
436 1706 630 1774 commuue,
653 1706 703 1784 ord
719 1711 949 1784 supersteterant
970 1703 1077 1766 adssicti

94 1795 172 1858 sunt,
188 1789 279 1849 ceteri
293 1802 409 1867 quoquo
424 1787 513 1847 modo
524 1794 656 1866 potuere,
667 1790 755 1866 pauci
767 1790 874 1865 integri
887 1805 993 1865 magna
1008 1803 1077 1865 pars

93 1869 264 2016 reinepriitus
282 1869 407 1931 coniecti
445 1869 562 1931 abeunt.
612 1870 744 1948 lienique
765 1873 915 1948 utrimque
932 1869 1076 1948 proelium

60 1970 155 2016 mm
179 1955 312 2100 iicetziliirs
332 2044 488 2117 postquam
504 2037 583 2098 videt
599 2036 708 2098 frustra
725 2037 887 2115 moeptum,
911 2053 1007 2115 neque
1024 2052 1076 2114 op·
1087 2035 1121 2098 61

94 2123 198 2201 pidum
214 2124 280 2202 cepi
299 2136 396 2201 neque
416 2120 588 2199 lugentium
606 2121 663 2180 nisi
677 2136 713 2181 ex
734 2121 845 2183 insidiis
866 2127 917 2183 aut
936 2137 991 2183 suo
1011 2119 1076 2179 loco

101 2220 231 2285 pugnam
248 2204 364 2275 iacere,
388 2211 417 2266 et
435 2206 492 2265 iam
514 2211 653 2267 aestatem
675 2212 806 2266 exactam
826 2221 903 2276 esse,
931 2203 969 2265 ab
992 2203 1078 2264 Zama

96 2288 234 2357 discedit,
254 2294 284 2348 et
301 2289 330 2348 in
352 2289 396 2348 eis
409 2287 548 2357 urbibus,
571 2304 646 2364 quiae
667 2286 703 2346 ad
718 2305 751 2349 se
765 2287 934 2348 deiecerant
951 2288 1078 2362 seuque

61 2373 226 2435 ememus
239 2369 306 2431 loeo
321 2376 371 2430 aut
383 2368 538 2431 moenibrn
549 2376 641 2438 erant,
654 2370 799 2446 praesidia
813 2370 934 2447 inponit,
948 2374 1102 2428 ceterumr

95 2456 258 2518 exennium
273 2455 303 2514 in
318 2455 513 2531 provinciana,
529 2466 605 2532 quae
618 2465 762 2529 premama
777 2458 821 2512 est
834 2451 1000 2520 Numidiae,
1015 2450 1078 2511 hie·

96 2538 196 2601 mandi
216 2539 310 2616 gratia
325 2535 466 2598 conlocat.
498 2535 600 2616 Neque
619 2534 649 2596 id
671 2541 787 2613 tempus
805 2548 842 2595 ex
857 2533 982 2595 aliorum
995 2545 1104 2596 moret

98 2622 189 2702 quieti
208 2629 258 2683 ant
277 2621 412 2684 lemniae
429 2621 571 2690 concedit,
587 2625 634 2680 set
647 2619 784 2699 quioniam
798 2618 887 2679 mnis
903 2615 1013 2678 hedum
1027 2630 1078 2692 pa·

97 2722 167 2766 rum
181 2704 369 2782 procedebat,
384 2705 503 2767 iusidias
516 2705 581 2782 regi
595 2720 649 2781 per
665 2703 774 2764 andces
788 2701 915 2762 tendere
930 2698 1078 2760 eteorum

62 2787 223 2869 sepertidia
243 2802 298 2866 pro
319 2789 409 2848 arrnis
430 2791 472 2850 uti
486 2796 579 2867 parat.
616 2786 709 2864 igitur
722 2784 932 2853 Bomilcarem,
956 2784 1005 2860 qui
1019 2780 1105 2845 lio-4

94 2894 163 2940 mae
184 2892 253 2938 cunr
274 2872 416 2950 Iugurtha
436 2874 548 2944 meret,
573 2879 602 2934 et
621 2870 692 2932 inde
713 2867 836 2930 vadibus
858 2865 933 2928 datis
955 2865 992 2926 de
1006 2866 1083 2928 dias-

95 2963 175 3025 sivae
196 2974 270 3022 nece
290 2955 432 3017 iudicium·
453 2957 583 3035 fugerat,
607 2954 687 3033 quod
709 2955 737 3014 ei
757 2969 811 3029 per
826 2966 994 3012 mentm-am
1008 2952 1082 3010 emi·

98 3047 197 3108 fflam
218 3054 356 3104 maxuma
378 3040 462 3120 copie
483 3039 606 3101 iaiiundi
626 3045 703 3108 erat,
735 3034 838 3098 multis
863 3032 1084 3115 pollicitationi·

99 3123 158 3188 bus
177 3124 356 3204 adgreditur.
403 3125 446 3186 dc
465 3127 563 3203 prime
580 3127 682 3195 efficit,
709 3126 753 3186 uti
775 3124 813 3186 ad
833 3141 867 3184 sc
888 3118 1106 3198 conloquendie

66 3231 93 3276 aa
102 3211 195 3288 aetia
209 3208 340 3272 ccctdms
354 3210 463 3270 veniat:
480 3209 587 3270 demde
599 3209 657 3270 tide
671 3209 746 3280 data,
759 3210 785 3270 si
800 3205 973 3284 lngrnthana
987 3203 1082 3262 rivom

102 3299 154 3354 aot
166 3300 304 3354 noemam
318 3291 374 3353 sibi
390 3291 567 3362 tradidisset,
581 3291 647 3352 iore
658 3291 745 3353 utitii
754 3297 877 3360 senatus
889 3285 1083 3365 inpunitatem

103 3383 133 3436 et
154 3392 207 3438 sara
226 3377 324 3437 omnia
344 3375 535 3445 concederet,
559 3373 644 3437 facile
659 3374 803 3437 Numidae
823 3369 991 3450 persuadet,
1013 3386 1082 3430 cum

103 3459 412 3538 mansiaticum
425 3461 581 3528 metuenti,
598 3476 651 3528 ne,
672 3460 698 3519 si
715 3474 775 3536 pax
792 3470 860 3516 cum
875 3453 1016 3515 Romanis
1032 3453 1083 3515 tie-
