2422 3854
102 187 144 250 26
269 205 312 246 nn
332 202 509 246 summurn
532 202 774 250 contueremur
796 205 824 249 c.
848 198 895 252 st.

96 351 198 432 populi
209 352 333 413 Romani
347 351 452 430 opibus
467 359 614 421 creverat,
628 353 716 413 infida
733 361 762 413 et
775 353 899 415 advorsa
913 353 999 416 nobis
1013 354 1077 424 luit,

97 442 142 497 set
155 443 310 515 postquam
329 434 407 496 bello
422 435 555 497 conlecto
575 436 611 495 de
625 435 746 498 Rhodiis
761 436 926 498 consultum
941 445 993 507 est,
1016 456 1078 499 ma-

97 522 176 580 iores
186 521 288 588 nostri,
304 536 342 579 ne
358 519 422 598 quis
437 519 600 580 divitiarum
611 520 704 596 magis
730 536 818 597 quam
840 521 966 580 iniuriae
988 537 1077 581 causa

73 602 208 670 ubellum
222 604 371 681 inceptum
384 602 503 672 diceret,
520 604 669 682 inpunitos
682 619 733 665 eos
746 602 891 664 dimisere.
909 602 983 663 ltcm
993 601 1078 664 bellis

96 686 213 747 Punicis
232 685 376 755 omnibus,
391 704 459 748 cum
475 703 563 767 saepe
578 686 830 764 Carthaginienses
843 683 900 766 [ct]
916 686 946 746 in
960 702 1033 762 pace
1047 692 1101 746 eto

96 787 151 848 per
167 769 299 830 inducias
313 767 404 830 multe
417 769 531 831 nefaria
545 771 674 832 facinora
690 770 835 840 fecissent,
847 786 1008 848 numquam
1021 769 1079 847 ipsi

97 870 151 931 per
169 854 353 914 occasionem
372 853 440 914 talia
457 853 571 915 iecere:
594 855 687 930 magis
704 854 774 932 quid
794 871 826 916 sc
847 853 968 930 dignum
989 852 1066 913 foret

98 953 186 1014 qnam
202 935 272 1014 quid
288 937 319 997 in
333 934 397 996 illos
411 937 475 998 iuro
489 936 554 997 lieri
567 943 667 1014 posset
681 936 870 1014 quaerebant.

73 1041 89 1088 ⁷
183 1018 246 1080 Hoc
260 1020 331 1080 item
344 1017 426 1078 vobis
440 1018 653 1096 providendum
669 1027 727 1087 ost,
742 1027 841 1097 patres
855 1021 1022 1099 conscripti,
1038 1037 1077 1080 ne

98 1102 165 1181 plns
179 1102 257 1182 apud
276 1118 328 1162 vos
348 1099 442 1161 valeat
460 1101 493 1162 P.
515 1101 631 1162 Lentuli
650 1108 679 1162 et
695 1109 864 1164 ceterorum
878 1102 975 1165 scelus
988 1115 1112 1181 quantu

97 1193 195 1245 vostra
216 1185 355 1261 dignitas,
383 1200 442 1244 neu
469 1185 562 1262 magis
578 1187 640 1246 irae
658 1191 772 1246 vostrae
789 1203 877 1264 quam
896 1186 991 1247 famae
1006 1202 1077 1244 con·

71 1267 205 1337 audatis
226 1267 302 1328 Nam
316 1270 340 1329 si
356 1267 442 1346 digna
456 1284 551 1346 poena
561 1285 616 1345 pro
632 1268 714 1330 iactis
729 1286 833 1331 eorum
847 1270 1008 1347 reperitur,
1023 1284 1076 1328 uo·

99 1369 165 1412 vom
180 1349 332 1412 consilium
347 1350 495 1429 adprobo:
509 1352 554 1411 sin
568 1352 737 1429 magnitudo
752 1351 872 1414 sceleris
887 1352 1017 1412 omnium
1032 1351 1077 1410 in·

98 1436 182 1513 genia
194 1441 344 1512 exuperat,
361 1437 402 1495 eis
413 1435 555 1496 utendum
571 1452 686 1506 censeo,
702 1454 777 1514 quae
791 1435 905 1512 legibus
919 1440 1077 1512 conparata

71 1526 172 1584 nsunt.
215 1518 351 1596 Plerique
372 1536 489 1587 eorum,
517 1521 567 1597 qui
592 1526 659 1580 ante
680 1536 728 1580 me
751 1520 908 1579 sententias
930 1518 1075 1587 dixerunt,
1088 1527 1114 1569 1⁶

98 1604 248 1680 conposite
264 1608 351 1680 atque
366 1601 520 1677 magnifice
535 1619 636 1664 casum
648 1598 838 1680 reipublicae
851 1601 981 1661 miserati
992 1610 1077 1663 sunt:

98 1703 172 1765 quae
190 1683 260 1746 belli
282 1685 399 1745 saevitia
421 1691 511 1754 esset,
532 1703 609 1764 quae
628 1687 710 1746 victis
730 1683 905 1753 acciderent,
921 1700 1076 1746 enumcra-

96 1785 183 1829 rere:
205 1768 270 1845 rapi
284 1767 411 1845 virgines
425 1785 549 1845 pueros,
572 1768 667 1830 divelb
678 1767 788 1829 liberos
804 1785 821 1828 a
834 1773 992 1845 parentum
1006 1784 1076 1828 con·

96 1851 199 1932 plexu,
222 1857 332 1912 matres
353 1851 530 1913 familiarum
550 1854 610 1930 pati
633 1869 708 1931 quae
727 1850 885 1912 victoribus
907 1849 1076 1911 conlubuis·

97 1942 170 2005 sent,
187 1935 254 1995 lana
270 1940 356 2014 atque
367 1935 471 1997 domos
480 1935 607 2015 spoliari,
624 1936 743 1995 caedem
757 1933 890 1994 incendia
904 1934 978 2002 lieri,
994 1943 1074 2010 post·
1084 1943 1111 1985 20

58 2033 90 2085 10
97 2037 180 2080 remo
190 2020 279 2080 anuis
296 2019 494 2089 cadaveribus,
516 2037 623 2080 cruore
633 2025 720 2096 atquo
730 2017 812 2077 luctu
823 2017 920 2076 omnia
933 2017 1074 2095 conpleri.

98 2104 162 2171 Set,
186 2119 241 2180 per
263 2103 333 2162 deos
353 2102 529 2172 inmortalis,
556 2119 613 2180 quo
634 2101 683 2160 illa
702 2101 795 2160 oratio
817 2099 978 2177 pertinuit?
1029 2101 1076 2160 ln

96 2188 139 2246 uti
156 2202 207 2244 vos
223 2184 344 2246 infestos
360 2187 552 2251 continuationi
565 2184 692 2246 faceret?
708 2182 818 2244 scilicet
832 2200 920 2261 quem
933 2201 983 2245 res
998 2192 1077 2244 tanta

57 2278 87 2330 11
98 2275 127 2330 et
146 2276 207 2329 tam
228 2275 313 2329 atrox
331 2287 390 2330 non
407 2271 560 2349 permovit,
583 2285 651 2329 eum
665 2269 758 2328 oratio
773 2267 926 2328 adcendet.
955 2266 1020 2328 Non
1036 2269 1076 2329 ita

98 2359 150 2422 ost,
163 2369 260 2431 nequa
274 2355 409 2434 cuiquam
417 2351 584 2414 mortalium
594 2353 717 2414 iniuriae
729 2368 800 2412 suae
810 2368 918 2429 parvae
930 2350 1074 2412 videntur:
1085 2363 1111 2404 2⁵

96 2436 180 2497 multi
197 2453 246 2497 eas
269 2439 385 2514 gravius
404 2454 498 2516 aequo
513 2436 653 2498 habuere.
678 2435 729 2498 Set
742 2435 798 2496 alia
813 2434 875 2496 aliis
889 2435 1005 2495 licentia
1022 2444 1074 2503 est,

56 2537 89 2590 12
98 2526 196 2598 patres
216 2522 382 2598 conscripti.
411 2520 467 2590 Qut
486 2520 602 2581 demissi
616 2521 646 2581 in
667 2518 795 2580 obscuro
817 2519 903 2577 vitam
916 2516 1034 2585 babent,
1051 2520 1076 2578 si

97 2603 166 2683 quid
181 2602 331 2665 naoundia
351 2601 515 2679 deliquere,
538 2605 625 2680 pauci
638 2605 742 2669 sciunt,
761 2601 839 2660 lama
854 2606 942 2677 atque
957 2598 1076 2661 fortuna

96 2704 199 2748 eorum
220 2701 308 2764 pares
328 2691 408 2746 sunt:
432 2686 482 2763 qui
502 2699 608 2761 magno
621 2684 746 2762 imperio
756 2682 881 2760 praediti
901 2684 932 2743 in
961 2681 1075 2743 excelso

55 2781 88 2833 13
99 2774 222 2829 aemtern
243 2775 347 2843 agunt,
368 2785 472 2828 eorum
486 2767 561 2829 iacta
577 2770 674 2828 conen·
687 2766 826 2828 mortales
842 2784 960 2828 novere.
990 2766 1033 2827 lta
1046 2767 1112 2827 inso

95 2867 233 2911 maxuma
248 2849 366 2911 fortuna
387 2852 517 2912 minuma
530 2850 647 2912 licentia
669 2857 729 2912 est:
748 2868 846 2933 neque
867 2853 986 2913 studere
1024 2867 1076 2910 ne·

56 2951 88 3001 14
98 2950 155 3013 que
175 2931 287 3000 odisse,
310 2941 355 2994 set
375 2935 505 2994 minume
522 2935 609 2994 irasci
626 2934 727 2996 decet:
750 2954 826 3015 quae
841 2938 918 3016 apud
933 2933 1004 2996 alios
1018 2933 1076 2992 ira·

97 3016 201 3077 cundia
216 3016 337 3085 dicitur,
358 3034 393 3078 ea
407 3018 437 3078 in
448 3018 570 3096 imperio
589 3018 727 3096 superbia
743 3028 831 3100 atque
850 3017 1006 3081 crudelitas
1024 3014 1074 3076 ad·

56 3114 87 3167 15
96 3098 229 3180 pellatur.
279 3099 423 3179 Equidem
450 3116 505 3178 ego
531 3102 573 3162 sic
600 3103 758 3172 existumo,
787 3111 885 3180 patres
906 3101 1074 3178 conscriptr,

96 3186 190 3247 omnis
212 3184 357 3245 cruciatus
379 3185 507 3245 minores
522 3202 612 3263 quam
633 3184 763 3247 facinora
784 3185 901 3246 illorum
924 3199 1004 3243 esse:
1030 3190 1111 3243 secu

95 3267 227 3347 plerique
238 3267 376 3330 mortales
389 3276 536 3346 postrema
547 3271 717 3338 meminere,
731 3275 759 3328 et
769 3270 799 3328 in
810 3265 978 3327 hominibus
989 3266 1075 3342 inpiis

96 3351 214 3412 sceleris
234 3368 336 3414 eorum
356 3351 438 3414 obliti
458 3352 494 3413 de
509 3370 603 3431 poena
625 3353 781 3419 disserunt,
804 3351 829 3410 si
842 3367 876 3410 ea
890 3347 977 3426 paulo
992 3364 1073 3407 seve·

92 3435 157 3494 rior
173 3434 235 3494 tuit.
1127 3433 1134 3446 ⁶
