2422 3854
127 177 167 241 58
331 201 374 242 22
394 197 496 241 sacco
519 198 718 242 2222222222
743 198 771 241 2.
793 191 835 246 ³1·
857 190 901 246 32.

127 353 213 424 atque
229 362 324 422 paces,
338 352 486 424 postremo
499 346 592 407 divina
604 352 633 407 et
646 345 773 407 humana
784 346 882 407 omnia
891 363 982 425 penes
992 362 1106 425 paucos

123 437 219 496 erant,
243 445 292 487 ros
308 435 413 498 autem,
433 429 491 489 boc
511 436 556 490 est
575 429 700 507 populus
715 429 871 498 Romanus,
883 429 981 490 inuicti
995 429 1032 490 ab
1048 429 1104 490 ho·

127 511 424 588 stibus.imperatores
435 513 565 572 omnium
578 514 716 589 gentium,
731 512 800 572 satis
810 511 962 574 habebatis
976 512 1105 573 animam

127 597 269 655 retineret
292 612 360 655 nam
381 596 549 656 servitutem
571 596 689 674 quidem
715 598 779 673 quis
807 602 937 657 rostrum
964 612 1105 657 recusare

129 677 271 738 audebatl
1114 703 1127 743 5

86 772 116 821 21
212 763 305 838 Atque
322 778 386 838 ego,
410 762 523 823 tametsi
537 764 599 822 viro
613 761 879 839 flagitiosissumum
898 762 1041 823 existumo
1058 760 1104 821 in·

127 861 205 921 pune
220 845 354 905 iniuriam
368 848 527 924 accepisse,
549 853 645 906 tamen
659 862 710 905 vos
725 844 891 905 hominibus
905 844 1104 907 sceleratissu-

128 929 181 987 mis
196 929 356 1005 ignoscere,
373 931 509 1006 quoniam
525 930 601 989 cives
615 935 695 997 sunt,
712 946 804 1007 aequo
820 930 916 988 animo
931 935 1058 1005 paterer,
1072 928 1105 988 ni

86 1021 118 1069 22
128 1012 325 1072 misericordia
342 1013 371 1071 in
385 1014 539 1089 pernitiem
553 1029 655 1072 casura
673 1020 757 1072 esset.
790 1011 863 1072 Nam
878 1019 906 1072 et
922 1009 991 1080 illis,
1011 1027 1104 1090 quan·

127 1101 189 1154 tum
210 1096 423 1172 importunitatis
445 1094 562 1162 babent,
577 1112 681 1172 parum
702 1101 746 1155 est
766 1096 875 1173 inpune
895 1094 970 1156 male
989 1094 1139 1165 iecissem

127 1178 181 1236 nisi
203 1177 307 1237 deinde
329 1176 455 1238 faciundi
477 1178 592 1239 licentia
616 1179 753 1254 eripitur,
772 1185 802 1238 et
815 1177 897 1240 vobis
911 1186 1028 1239 aeterna
1044 1175 1104 1237 sol·

127 1260 245 1320 lieitndo
268 1261 443 1330 remanebit,
472 1279 540 1321 eum
560 1260 731 1336 intellegetis
758 1268 807 1322 aut
828 1261 1016 1323 serviundum
1038 1277 1106 1322 esse

85 1351 119 1401 23
129 1353 177 1403 aut
192 1361 245 1421 per
259 1362 362 1405 manus
376 1344 537 1406 libertatem
549 1344 738 1405 retinendam.
758 1345 832 1405 Nam
842 1345 910 1406 fidei
923 1344 1039 1424 quidem
1054 1350 1105 1404 aut

128 1429 300 1488 concordiae
322 1445 396 1505 quae
418 1446 484 1506 spes
507 1430 567 1488 esti
596 1427 743 1488 Dominari
764 1427 805 1489 illi
821 1428 933 1498 volunt,
951 1445 1001 1488 ros
1018 1426 1105 1488 liberi

127 1529 207 1571 esse:
224 1510 320 1572 lacere
336 1511 375 1571 illi
392 1513 519 1576 iniurias,
534 1529 585 1570 vos
601 1511 773 1589 prohibere:
789 1518 937 1588 postremo
951 1512 1037 1573 sociis
1052 1528 1103 1572 vo·
1114 1530 1138 1572 rs

84 1600 116 1647 24
126 1597 193 1654 stris
217 1595 304 1654 veluti
318 1593 458 1662 hostibus,
479 1593 611 1654 hostibus
632 1613 687 1673 pro
702 1596 787 1655 sociis
803 1602 934 1654 utuntur.
947 1602 950 1609 ’
965 1593 1104 1655 Potestne

126 1678 156 1736 in
168 1686 227 1736 tam
250 1678 370 1736 divorsis
392 1677 537 1738 mentibus
558 1695 614 1755 pax
636 1685 686 1738 aut
707 1679 828 1737 amicitia
843 1677 924 1737 assei

86 1767 118 1818 25
212 1761 273 1831 Qua
290 1778 323 1820 re
339 1778 444 1821 moneo
459 1761 619 1838 hortorque
633 1779 699 1830 ros,
722 1779 760 1821 ne
778 1767 892 1821 tantum
905 1756 1000 1820 scelus
1017 1757 1104 1836 inpu-

128 1844 219 1902 nitum
234 1845 377 1904 omittatis.
401 1843 465 1905 Non
480 1844 631 1922 peculatus
648 1846 742 1905 aerari
757 1844 850 1904 lactus
866 1850 923 1914 est,
937 1859 1032 1920 neque
1047 1857 1103 1918 per

127 1928 183 1986 vim
204 1927 290 1986 sociis
309 1936 425 2004 ereptae
443 1930 599 2006 pecuniae,
623 1947 697 2006 quae
713 1945 889 2006 quamquam
910 1927 1138 2002 gravissumo

126 2017 223 2069 tamen
245 2012 452 2071 consuetudine
476 2015 530 2071 lam
553 2030 606 2087 pro
629 2011 718 2070 nihilo
740 2009 899 2071 hahentur:
923 2009 999 2068 hosti
1020 2024 1103 2067 acer·

127 2110 211 2152 rumo
226 2095 461 2169 proditasenatus
472 2096 638 2161 auctoritas,
650 2089 800 2170 proditum
809 2091 1103 2163 imperiumvostrum

85 2183 118 2233 26
128 2183 186 2234 est:
209 2176 287 2236 domi
304 2175 478 2254 militiaeque
500 2193 548 2235 res
569 2173 685 2253 publiea
705 2171 831 2233 vaenalis
846 2173 910 2233 luit.
944 2174 1025 2244 Quae
1048 2174 1104 2233 nisi

128 2262 257 2337 quaesita
272 2266 370 2328 erunt,
386 2261 440 2318 nisi
455 2259 630 2319 uindicatum
644 2259 674 2317 in
689 2258 799 2326 noxios,
814 2257 883 2336 quid
898 2259 953 2318 erit
968 2255 1101 2324 relicum,

127 2344 181 2403 nisi
195 2352 227 2402 ut
242 2342 304 2411 illis,
322 2345 371 2421 qui
381 2361 415 2404 22
425 2341 531 2410 iecere,
548 2339 734 2401 oboedientes
745 2341 891 2401 vivamus?
908 2339 981 2402 Nam
992 2341 1102 2418 inpune
1112 2360 1137 2401 ro

127 2442 201 2504 quae
222 2426 302 2487 lubet
324 2427 419 2486 iacere
442 2425 470 2485 id
491 2433 535 2485 est
549 2441 650 2500 regem
671 2441 743 2484 esse.

85 2517 118 2566 27
213 2510 313 2587 Neque
329 2527 383 2585 ego
397 2526 456 2576 uos,
474 2507 608 2576 Quirites,
620 2507 731 2573 hortor,
748 2514 780 2566 ut
793 2505 897 2566 malitis
909 2507 977 2567 civis
991 2512 1102 2568 vostros

127 2611 282 2671 perperam
293 2610 380 2670 quam
394 2598 474 2650 recte
489 2591 599 2656 iecisse,
615 2599 659 2649 set
670 2608 707 2649 ne
719 2589 895 2664 ignoscundo
909 2588 992 2650 malis
1007 2589 1103 2650 bonos

83 2687 117 2736 28
128 2677 273 2752 perditum
288 2677 367 2734 eatis.
391 2673 435 2732 dd
449 2672 505 2732 hoc
518 2674 547 2731 in
559 2671 718 2748 republica
735 2671 826 2731 multo
842 2680 970 2749 praestat
985 2672 1103 2734 benifici

123 2770 211 2830 quarn
228 2756 344 2818 malibci
360 2760 554 2818 inmemorem
561 2773 640 2815 esse:
650 2753 744 2814 bonus
758 2763 871 2816 tanturn
881 2757 968 2817 modo
984 2759 1137 2834 segniorae

84 2841 158 2898 rotie
178 2839 229 2898 ubi
252 2838 404 2914 neglegas,
428 2847 457 2899 at
477 2837 570 2899 malus
592 2835 753 2914 inprobior.
791 2838 835 2900 tu
855 2841 913 2902 hoc
934 2843 958 2900 si
981 2842 1104 2900 iniuriae

126 2937 185 2981 non
204 2921 274 2988 sint,
292 2921 361 2981 lraut
381 2938 469 3000 saepe
486 2919 571 2983 auxili
590 2919 693 2998 egeas!

76 2997 116 3058 32
211 3003 289 3064 llaec
301 3004 453 3081 'atquealla
465 3003 588 3064 huiusce
600 3005 680 3064 modi
690 3003 807 3083 saepius
818 3003 1103 3066 dicundolllemmius

126 3087 233 3167 populo
248 3087 412 3165 persuadet,
434 3089 476 3148 uti
496 3087 527 3146 L.
547 3087 668 3155 Cassius,
691 3091 740 3166 qui
761 3098 822 3148 tum
837 3093 955 3165 praetor
972 3095 1043 3154 erat,
1065 3090 1100 3150 ad

128 3172 296 3249 Iugurtham
315 3172 492 3238 mitteretur,
517 3189 642 3250 eumque
657 3171 824 3249 interposita
839 3168 895 3228 lide
911 3168 1028 3245 publica
1043 3170 1100 3231 llo·
1112 3194 1137 3236 os

129 3275 206 3316 marn
228 3256 363 3323 duceret,
396 3271 454 3331 quo
482 3253 593 3314 facilius
624 3255 729 3315 indicio
754 3253 831 3328 regis
852 3251 955 3311 Scauri
980 3261 1009 3313 et
1033 3253 1101 3315 reli-

130 3357 266 3407 cuorum,
294 3354 366 3416 quos
387 3338 527 3416 pecuniae
551 3344 651 3415 captae
673 3332 875 3403 accensebant,
895 3332 997 3396 delicta
1020 3344 1102 3415 pate·

128 3422 241 3482 tierent.
