2422 3854
131 183 170 246 76
343 203 386 244 nu
408 200 511 244 nunno
533 200 711 244 rnovurruo
736 199 764 244 c.
785 192 829 246 62.
851 193 894 246 δὲ
1010 269 1014 278 .

81 350 119 412 62
129 358 183 420 ret,
200 352 263 428 ipse
284 367 337 428 per
352 348 531 408 conditiones
549 347 586 407 ad
602 347 776 425 subplicium
792 349 965 409 traderetur.
996 349 1032 420 is,

129 435 257 513 primum
264 438 465 511 opportunum
475 431 540 506 fuit,
547 428 718 506 Iugurtham
736 432 853 492 anxium
871 450 905 494 ac
919 434 1033 494 miserat

129 519 262 578 fortunas
283 533 352 576 suas
371 513 500 576 adcedit:
525 519 626 574 menet
649 520 737 593 atque
757 513 924 576 lacrumans
944 515 1033 578 ebtest

129 601 171 662 uti
192 599 347 678 aliquando
368 595 423 658 sibi
439 595 599 675 liberisque
620 602 649 658 et
664 598 743 676 genti
763 597 964 669 Numidarum,
986 607 1033 678 opt

128 685 261 752 merenti,
277 681 441 761 prevideat:
457 679 592 742 omnibus
609 680 727 758 proeliis
740 699 805 742 sese
819 683 918 752 victos,
935 700 1033 761 agrum

129 773 245 836 statum,
264 764 372 827 multos
393 763 525 825 mortalis
546 770 647 841 captes
661 765 788 835 occisos,
811 768 896 841 regni
910 783 981 845 opes
997 785 1033 828 ce

127 857 212 911 nutas
224 867 303 912 esse:
318 850 387 909 satis
401 865 489 927 saepe
503 848 560 908 iam
575 854 605 908 et
619 847 753 909 virtutem
772 847 896 909 militum
913 855 942 910 et
958 849 1033 913 iertu

127 937 310 1011 temptatam:
327 938 427 993 caveat
441 949 480 992 ne
492 929 542 991 ille
558 937 712 992 cunctante
723 931 865 992 Numidae
876 931 931 994 sibi
945 951 1033 996 censu

102 1017 180 1079 eliis
198 1023 286 1094 atque
302 1015 408 1077 talibus
422 1013 485 1076 aliis
501 1014 538 1076 ad
554 1013 731 1075 deditionem
747 1016 826 1092 regis
841 1017 970 1077 animum
985 1018 1033 1096 inp

100 1100 280 1162 aMittuntur
303 1099 339 1159 ad
350 1101 558 1176 imperatorem
577 1096 680 1173 legati,
713 1099 763 1175 qui
784 1098 953 1177 Iugurtham
965 1103 1033 1179 impe

127 1183 273 1264 facturum
293 1183 425 1243 dicerent
444 1199 479 1242 ac
498 1181 561 1241 sine
588 1179 646 1242 ulla
676 1183 810 1258 pactione
836 1200 900 1244 sese
922 1199 1033 1260 regnun

100 1279 212 1327 esuum
234 1267 264 1326 in
285 1264 362 1326 iilius
375 1265 464 1326 fldem
477 1264 604 1327 tradere.
634 1263 768 1326 Metellus
782 1282 911 1345 propere
925 1272 1033 1328 cuncte

127 1350 233 1410 natorii
248 1349 357 1411 ordinis
372 1367 407 1410 ex
423 1347 554 1411 bibernis
571 1349 683 1409 accersi
697 1347 793 1410 iubet:
814 1367 917 1411 eorum
928 1356 957 1412 et
972 1348 1033 1411 alien

101 1446 201 1512 bques
216 1433 336 1494 idoneos
350 1432 485 1502 ducebat,
501 1429 654 1493 consilium
671 1430 769 1494 babet.
802 1431 845 1494 ita
859 1451 944 1495 mere
962 1434 1033 1496 maie

129 1533 165 1578 ex
183 1516 285 1577 consili
312 1516 431 1577 decreto
460 1531 514 1594 per
534 1513 645 1592 legates
671 1515 829 1593 Iugurthae
849 1519 977 1595 imperat
994 1536 1033 1592 an

110 1599 225 1677 pende
246 1598 371 1660 ducenta
391 1597 485 1668 milia,
510 1596 685 1676 elephantes
707 1600 815 1668 omnis,
845 1616 988 1677 equorum
1011 1606 1033 1662 et

101 1693 246 1744 emerum
266 1682 454 1761 aliquantum.
472 1680 553 1752 Quae
574 1688 728 1761 postquam
750 1682 812 1742 sine
833 1699 917 1742 mera
936 1681 1011 1743 iacta
1031 1706 1033 1742 ι

38 1818 42 1826 .
103 1764 209 1826 riubet
230 1766 324 1827 omnis
336 1764 476 1844 perfugas
496 1765 607 1826 vinctos
628 1764 742 1827 adduci.
778 1765 889 1828 Eorum
905 1784 1033 1845 magna]

127 1850 170 1910 uti
184 1850 295 1910 iussum
310 1856 381 1918 erat,
398 1848 524 1917 adducti,
546 1850 640 1926 pauci,
656 1849 865 1927 cumprimum
880 1848 986 1911 deditio
1003 1869 1033 1911 ce

103 1933 166 1996 ead
180 1949 281 2010 regem
299 1932 450 1994 Bocchum
464 1933 708 1995 inMauretaniam
723 1931 863 1993 abierant.
899 1932 989 2011 igitur
1004 1933 1033 1995 ie

128 2017 188 2085 tha,
211 2015 261 2077 ubi
281 2018 370 2078 armis
388 2017 515 2095 virisque
537 2024 567 2077 et
584 2016 708 2094 pecunia
723 2015 862 2094 spoliatus
883 2023 940 2086 est,
965 2035 1031 2079 cum

129 2100 166 2160 ad
180 2099 387 2180 imperandum
399 2098 539 2162 Tisidium
561 2103 728 2169 necaretur,
751 2117 854 2160 rursus
876 2102 972 2178 coepit
989 2100 1033 2162 ile«

101 2183 257 2243 sanimnm
279 2200 365 2244 suum
386 2190 470 2245 etex
490 2182 566 2244 maia
581 2182 758 2244 conscientia
774 2183 860 2262 digna
876 2186 988 2244 timere.
1022 2184 1033 2244 1

128 2283 186 2345 que
200 2265 299 2327 multis
315 2265 418 2328 diebus
432 2284 486 2345 per
505 2266 715 2328 dubitationem
731 2269 920 2346 consumptis,
937 2285 1005 2329 cum
1016 2285 1033 2328 r

127 2350 223 2411 taedio
244 2367 347 2411 rernm
366 2351 556 2411 adversarum
576 2351 673 2411 onmia
688 2348 765 2411 bede
782 2352 897 2428 potiora
915 2351 1033 2413 duceret

127 2433 245 2494 terdum
258 2449 358 2494 secum
372 2434 434 2511 ipse
448 2439 599 2512 reputaret
610 2451 698 2511 quam
711 2436 807 2512 gravis
818 2452 902 2496 casus
916 2435 945 2495 in
961 2436 1033 2496 servi

129 2534 165 2578 ex
178 2533 271 2594 regne
286 2515 370 2585 teret,
390 2514 489 2577 multis
503 2518 675 2595 magnisque
686 2517 838 2593 praesidiis
847 2519 1027 2597 nequiquam

88 2599 196 2662 luditis
216 2599 253 2660 de
274 2599 389 2677 integre
411 2598 521 2661 bobum
535 2601 631 2661 sumit.
674 2600 711 2659 bt
724 2599 835 2661 Romae
849 2607 967 2662 senatus
985 2602 1022 2662 de

127 2684 228 2744 vinciis
248 2681 397 2744 consultus
413 2682 577 2744 Numidiam
594 2679 709 2742 Metelle
726 2682 905 2744 decreverat.

78 2761 117 2824 63
210 2765 268 2826 Per
289 2765 367 2828 idem
387 2771 503 2844 tempus
521 2763 621 2826 Uticae
649 2762 724 2826 ferte
745 2767 778 2828 G.
799 2766 890 2828 biario
916 2785 971 2846 per
1000 2767 1033 2828 hc

128 2849 190 2909 deis
213 2846 388 2931 subplicanti
411 2866 516 2927 magna
537 2852 624 2926 atque
650 2847 793 2910 mirabilia
807 2851 945 2928 pertendi
960 2852 1033 2913 baru

128 2931 257 2993 dixerat:
281 2932 414 3010 preinde,
433 2947 508 3010 quae
527 2931 623 2992 anime
643 2931 778 3009 agitabat,
802 2933 894 2996 fretus
916 2933 977 2994 deis
998 2950 1034 3010 ag

91 3022 93 3026 '
129 3015 276 3077 iertenam
299 3033 388 3096 quam
406 3015 585 3092 saepissume
607 3016 805 3092 experiretur,
835 3021 939 3080 cuncta
965 3032 1033 3093 pros

106 3106 280 3161 terentura.
331 3098 367 3158 At
395 3096 476 3158 illum
497 3098 555 3158 iam
584 3105 669 3159 antea
692 3099 858 3161 consulatus
876 3098 980 3176 ingens
1002 3118 1033 3161 cu

129 3182 302 3261 exagitabat,
321 3181 358 3242 ad
372 3197 460 3258 quem
475 3181 651 3259 capiundum
666 3188 783 3259 practer
799 3186 969 3243 vetustatem
984 3184 1033 3244 sen

128 3265 184 3329 alia
198 3267 295 3328 emnia
311 3262 429 3324 abunde
445 3269 537 3335 erant,
552 3265 695 3327 industria
708 3264 847 3344 probitas,
863 3263 981 3328 militiae
1004 3285 1033 3327 m

128 3350 248 3411 scicntia
268 3347 382 3408 animm
403 3344 473 3407 beili
494 3348 611 3427 ingens:
640 3349 721 3409 domi
745 3348 891 3418 medicus,
922 3348 1033 3410 lubidin

128 3431 293 3494 divitiarum
314 3431 415 3499 victer,
441 3435 553 3493 tanturn
575 3432 667 3493 mede
684 3429 793 3509 gloriae
813 3430 922 3493 avidus.
