2422 3854
153 200 192 260 14
235 217 278 259 uu
299 215 472 261 cardumae
496 217 736 264 courvsaurouu
760 220 788 263 c.
808 211 852 267 26.
873 211 917 268 ai.
940 211 983 267 28.
999 213 1043 268 29.

148 366 307 427 Antonium
330 366 465 444 pactione
485 367 652 443 provinciae
671 367 855 445 perpulerat,
884 375 1127 432 reconderem

148 448 295 528 publicam
320 450 455 510 sentiret:
486 451 597 513 circum
626 468 658 512 se
685 451 830 530 praesidia
856 452 1018 513 amicorum
1040 459 1128 532 atquc

123 532 298 596 uclicntium
307 530 422 593 occulte
436 531 572 594 babebat.
595 533 754 612 Postquam
766 534 828 596 dies
842 536 1028 597 comitiorum
1038 538 1125 607 venit,

148 623 177 677 et
198 614 336 677 Catilinae
353 631 450 692 neque
465 618 565 694 petitio
580 630 677 696 repre
694 617 825 694 insidiae,
836 632 911 694 quae
928 617 1133 700 [censalibus]

146 700 177 759 iu
193 711 298 776 campo
311 698 578 778 tecereprcspere
593 715 723 771 cessem,
739 702 889 762 constituit
902 700 1013 763 bellum
1027 703 1148 764 iaceres

147 788 177 843 et
191 789 321 843 extrema
335 782 432 844 onnia
455 784 598 860 experiri,
623 786 759 863 quoniam
776 799 852 863 quae
868 784 983 847 occulte
1001 792 1127 865 tempta·

146 872 229 925 reret
243 877 349 944 appete
361 865 505 944 foedaque
518 874 686 928 evenerant.

96 945 135 1007 27
229 948 322 1024 lgitur
333 948 368 1008 C.
380 947 519 1010 Manliana
532 949 670 1010 Faesulas
686 957 773 1030 atque
789 952 820 1011 in
835 967 900 1012 eam
913 958 1028 1031 partem
1039 951 1126 1012 lltru

144 1032 221 1101 riae,
245 1029 417 1109 Septimium
436 1033 581 1110 quendam
602 1033 765 1096 Comatam
791 1036 822 1095 in
849 1034 1125 1112 agrumiiceuum,

146 1114 180 1174 C.
196 1114 302 1175 lullum
321 1115 351 1174 in
365 1113 498 1192 Apuliam
519 1117 639 1188 dimisit,
658 1125 813 1195 praeterea
834 1117 923 1180 alium
945 1117 1016 1188 alio,
1035 1135 1158 1196 quemro

114 1201 464 1281 eubiqrreopporturram
475 1202 764 1265 sibilorecredabat.
787 1204 904 1265 Interea
912 1201 1126 1264 Romaemulta

144 1283 231 1346 simul
242 1285 352 1346 moliri:
370 1284 572 1366 [consulibus]
584 1283 847 1357 inordinatarum,
863 1283 1125 1367 patareinceudia,

145 1375 310 1448 opportuna
330 1369 395 1430 loca
418 1373 537 1432 armatis
551 1369 718 1431 bominibus
733 1369 884 1432 obsidere:
906 1373 971 1449 ipse
985 1386 1052 1430 cum
1065 1367 1126 1428 telo

146 1468 218 1520 esse,
234 1453 306 1512 bem
321 1451 392 1514 alius
407 1453 521 1524 iubere,
536 1454 650 1516 hortari
664 1455 708 1516 uti
721 1470 839 1530 semper
855 1456 962 1515 intenti
975 1452 1129 1530 paratique

151 1543 263 1596 essent:
288 1536 349 1595 dies
371 1537 523 1613 noctisque
544 1538 682 1597 festinare
703 1536 837 1614 vigilare,
861 1552 958 1616 neque
978 1533 1166 1595 insomniisu

123 1623 248 1696 ducque
268 1615 371 1677 labore
393 1617 515 1694 fatigari.
558 1619 711 1680 Postremo
732 1617 783 1680 ubi
809 1617 900 1679 multa
923 1618 1043 1696 agitanti
1059 1614 1132 1676 nihil

149 1700 297 1778 procedit,
325 1715 430 1761 rursus
451 1703 623 1779 intempesta
644 1707 731 1763 nocte
753 1701 962 1762 coniurationis
984 1700 1133 1779 principes

122 1789 291 1844 scouvocat
302 1797 393 1862 penes
406 1782 444 1843 Μ.
457 1784 595 1846 Porcium
603 1787 737 1854 Laecam,
753 1784 853 1864 ibique
863 1783 955 1846 multa
967 1785 1005 1846 de
1018 1782 1132 1860 ignavia

150 1880 254 1927 eorum
271 1872 391 1945 quadus
408 1866 494 1927 docet
509 1885 541 1929 se
558 1867 697 1930 llanlium
714 1869 899 1946 praemIsisse
920 1868 957 1928 ed
977 1885 1042 1928 eam
1055 1863 1131 1926 mul-

148 1949 311 2019 titudinem,
336 1964 423 2029 quam
438 1950 474 2011 ad
492 1952 635 2031 capiunda
649 1968 730 2011 arma
745 1956 908 2025 paraverat,
927 1953 997 2012 item
1011 1948 1084 2008 alios
1099 1950 1129 2008 in
1138 1966 1166 2007 ac

150 2031 205 2094 alia
225 2034 290 2095 loce
304 2041 480 2113 metune,
500 2036 548 2114 qui
569 2034 683 2094 initium
706 2031 776 2094 belli
801 2033 948 2102 lacerent,
978 2050 1070 2112 saque
1094 2032 1132 2092 ad

151 2118 312 2178 exercitum
325 2115 471 2194 proticisci
494 2133 617 2197 cupere,
638 2117 664 2176 si
677 2117 760 2194 prius
781 2114 954 2177 Ciceronem
969 2114 1132 2194 obpressis-

97 2195 138 2258 28
150 2205 208 2259 set:
232 2215 299 2259 eum
318 2200 380 2261 suis
395 2201 522 2264 consiliis
541 2199 668 2262 multum
689 2196 827 2260 obticere.
856 2200 949 2278 Igitur
968 2200 1133 2278 perterritis

150 2299 185 2343 ac
205 2281 404 2346 dubitantibus
426 2286 530 2346 ceteris
551 2284 586 2345 C.
607 2281 761 2344 Cornelius
780 2301 870 2364 eques
889 2283 1039 2345 ltomarrus
1062 2300 1132 2360 ope·

150 2384 215 2427 ram
243 2382 327 2428 suam
354 2367 500 2447 pollicitus
528 2375 650 2430 etcum
677 2386 712 2429 eo
735 2367 767 2427 L.
791 2365 987 2445 Vargunteius
1013 2372 1167 2427 senatores

151 2453 330 2512 constituere
354 2470 388 2512 ea
415 2459 502 2514 nocte
527 2451 615 2532 paulo
643 2458 709 2531 post
737 2469 804 2512 cum
826 2453 944 2512 armatis
964 2449 1133 2510 homiuibus

151 2531 267 2569 *m*
290 2535 375 2595 sictrti
395 2533 551 2596 salutatum
572 2537 696 2596 inuoire
716 2535 752 2594 ad
775 2534 948 2594 Ciceronem
971 2550 1006 2593 ac
1028 2533 1065 2592 de
1087 2534 1132 2592 in·

121 2619 266 2698 aproviso
290 2616 389 2678 domm
407 2633 478 2677 suae
499 2619 665 2695 inparatum
685 2615 854 2677 consedere.
896 2615 1000 2677 Curius
1021 2614 1073 2677 ubi
1088 2617 1133 2677 in-

148 2700 273 2777 tellegit,
298 2701 582 2780 quantumpericuli
603 2698 716 2760 consuli
734 2699 905 2776 inpendeat,
927 2717 1057 2779 propere
1077 2717 1132 2778 per

122 2781 280 2845 dFulviam
302 2783 436 2845 Ciceroni
457 2783 570 2854 dolum,
599 2785 648 2862 qui
669 2781 846 2862 parabatur,
868 2785 1008 2845 enuntiat.
1030 2784 1072 2844 lta
1091 2783 1167 2844 illico

149 2869 235 2928 ianua
249 2865 390 2944 prohibiti
405 2873 529 2928 tantum.
540 2866 652 2927 facinus
667 2867 777 2928 frustra
794 2875 994 2948 susceperant.

122 2957 139 3004 4
232 2948 349 3011 lnterea
364 2949 487 3012 Manlius
501 2952 531 3011 in
547 2950 664 3012 Etruria
678 2949 796 3029 plebem
811 2950 982 3020 sollicitere,
1003 2947 1132 3026 egestate

149 3031 235 3094 simul
257 3049 293 3093 ac
315 3031 417 3094 dolore
438 3035 561 3097 iniuriae
583 3053 726 3096 novarum
747 3052 850 3096 rerum
872 3035 1023 3115 cupidam,
1053 3033 1132 3111 quod

150 3117 247 3180 Sullae
270 3115 469 3180 dominatione
483 3135 571 3196 agros
592 3119 729 3199 bonaque
751 3121 848 3180 omnia
869 3120 1021 3186 amiserat,
1044 3133 1131 3196 prae-

148 3209 229 3263 terea
259 3201 388 3262 latrones
416 3203 557 3282 cuiusque
580 3204 711 3280 generis,
741 3218 866 3282 quorum
892 3202 923 3262 in
949 3221 982 3263 ea
1008 3200 1131 3278 regione
1140 3221 1165 3264 aa

68 3324 70 3327 -
149 3302 254 3364 magna
279 3287 362 3364 eopia
382 3293 459 3357 erat,
483 3286 640 3349 nonnullos
662 3305 698 3348 ex
717 3285 842 3348 Sullanis
865 3285 998 3355 coloniis,
1023 3282 1131 3364 quibus

148 3368 248 3431 lubido
264 3376 351 3450 atque
366 3369 483 3432 luxuria
496 3389 533 3432 ex
548 3373 661 3450 magnis
679 3371 790 3450 rapinis
806 3368 879 3429 nihil
893 3367 995 3430 relicui
1010 3368 1129 3429 lecerat.

83 3454 135 3513 29
227 3455 273 3517 lia
296 3473 363 3517 cum
388 3456 523 3520 Ciceroni
546 3457 766 3526 nuntiarentur,
788 3454 905 3534 ancipiti
918 3450 995 3514 malo
1013 3470 1131 3533 permo-
