2422 3854
126 206 167 270 98
338 224 381 267 na
400 223 503 266 annno
525 223 723 266 movnrmno
748 223 776 265 o.
796 216 840 272 97.
861 215 903 272 98„

126 375 241 454 ipsique
259 373 361 433 lfauro
381 370 535 449 pollicetur
558 371 709 432 Numidiae
730 379 846 450 partem
861 375 991 445 terb'am,
1014 379 1112 440 siant

126 459 250 521 Romani
265 455 363 515 Africa
380 453 505 532 expulsi,
522 460 572 514 ant
586 456 706 531 integris
721 458 781 516 suis
793 455 900 517 finibus
914 456 1027 520 bellum
1041 478 1112 522 con·

127 544 255 621 positum
276 539 362 598 foret.
403 537 446 598 Eo
466 539 596 615 praemio
619 537 742 600 inlectus
757 539 892 602 bocchus
917 560 984 604 cum
1003 561 1111 622 magna

126 623 310 687 multitudine
331 619 502 696 Iugurtham
524 621 646 682 adcedit.

101 717 118 767 s
210 708 253 769 lta
274 705 430 788 amborum
452 707 581 766 exercitu
604 707 758 767 coniuncto
772 706 911 778 Marium,
934 711 992 770 iarn
1015 713 1046 772 in
1065 712 1129 774 hir

127 794 220 854 berna
241 790 490 869 proficiscentem,
510 790 557 849 vix
579 790 701 850 decuma
723 797 806 869 parte
828 791 874 853 die
894 791 1006 854 relicua
1029 796 1109 856 inva-

127 878 214 946 dunt,
234 875 290 935 rati
304 880 421 935 noctem
436 891 510 952 qnae
524 874 582 933 iam
598 873 699 935 aderat
714 881 743 934 et
757 875 838 935 victis
853 875 910 936 sibi
926 877 1109 939 munimento

126 963 189 1022 iore
206 967 235 1020 et
250 959 275 1020 si
292 959 429 1020 vicissent
443 955 523 1018 nullo
538 957 751 1034 inpedimento,
775 960 842 1037 quia
857 957 992 1021 locorum
1014 962 1109 1022 scicn-

125 1052 170 1106 tes
197 1049 296 1112 erant,
326 1047 428 1103 contra
447 1039 586 1101 Romanis
608 1048 765 1122 utrumque
795 1059 894 1109 casum
920 1045 951 1104 in
977 1043 1109 1106 tenebris

99 1126 319 1190 ldiidciliorem
333 1123 407 1186 fore.
437 1124 529 1200 igitur
546 1124 632 1184 simul
647 1125 750 1186 consul
765 1144 800 1186 ex
814 1126 913 1188 multis
927 1127 962 1188 de
978 1125 1137 1190 hostiumn

126 1212 251 1274 adventu
267 1209 402 1288 cognovit
417 1214 446 1268 et
458 1209 513 1285 ipsi
525 1207 625 1269 hostes
639 1209 770 1280 aderant,
782 1217 811 1271 et
824 1212 906 1288 prins
920 1228 1008 1291 quarn
1024 1231 1109 1273 exer·

127 1298 200 1357 citus
216 1300 266 1356 aut
282 1293 387 1355 instrui
406 1300 456 1352 ant
473 1293 603 1352 sarcinas
618 1290 775 1370 conligere,
794 1294 920 1374 denique
936 1302 1004 1356 ante
1020 1314 1110 1375 quarn

126 1382 302 1456 signnmaut
318 1377 475 1454 imperium
490 1373 582 1436 ullum
604 1377 738 1453 accipere
759 1378 864 1456 quivit,
885 1380 996 1458 equites
1015 1377 1110 1440 Mauri

127 1469 213 1541 atquo
233 1457 360 1527 Gaetuli,
384 1476 445 1519 non
460 1459 521 1520 acie
536 1476 632 1538 neque
645 1458 705 1520 nllo
720 1478 803 1522 more
817 1461 924 1540 proeli,
947 1469 991 1523 set
1015 1469 1109 1525 cater-

127 1548 224 1614 vatim,
245 1546 288 1605 nti
311 1560 443 1622 quosque
465 1541 526 1602 fors
549 1542 787 1619 conglobaverat,
815 1545 846 1606 in
867 1553 983 1606 nostros
1009 1547 1137 1608 incur-o

100 1636 210 1690 arunt:
236 1629 286 1706 qui
307 1643 409 1687 omnes
430 1625 535 1702 trepidi
556 1628 703 1703 inproviso
724 1636 805 1690 metu
824 1646 858 1690 ac
876 1634 972 1691 tamen
993 1629 1109 1691 virtutis

126 1727 273 1773 memores
287 1715 338 1770 ant
352 1726 434 1771 arma
452 1709 604 1788 capiebant
615 1717 665 1772 aut
680 1711 818 1790 capientis
835 1710 905 1773 alios
920 1711 955 1773 ab
972 1711 1109 1775 hostibus

26 1842 29 1850 .
126 1792 330 1857 defensabant:
357 1810 425 1871 pars
448 1811 538 1871 equos
561 1794 733 1863 escendere,
756 1794 869 1857 obn'am
890 1796 934 1856 ire
957 1795 1107 1858 hostibus:

125 1895 223 1959 pugna
234 1876 387 1940 latrocinio
398 1877 489 1954 magis
503 1895 591 1955 quarn
604 1877 716 1957 proelio
732 1877 831 1940 similis
844 1879 924 1940 fieri:
941 1879 1004 1941 sine
1017 1879 1108 1957 signis

125 1968 189 2028 sine
200 1965 353 2028 ordinibus
370 1967 483 2043 equites
500 1965 673 2045 peditesque
689 1965 827 2041 permixti
843 1962 968 2025 caedere
986 1961 1050 2033 alii,
1063 1961 1139 2024 allis

124 2050 311 2120 obtruncari,
335 2049 420 2110 multi
441 2055 545 2109 contra
560 2049 699 2111 advorsos
721 2066 875 2110 acerrume
892 2045 1109 2128 pugnantcsab

126 2141 211 2210 tergo
233 2131 452 2192 circumveniri:
473 2149 570 2211 noque
588 2133 678 2193 virtus
698 2150 794 2211 neque
808 2150 889 2193 arma
910 2133 979 2194 satis
994 2139 1106 2209 tegere,

127 2217 195 2295 qnia
221 2215 320 2275 bostes
339 2231 463 2274 numero
485 2214 584 2293 plures
611 2223 639 2277 et
665 2216 794 2294 undique
817 2216 985 2278 circumfusi
1007 2222 1106 2276 erant:

127 2299 253 2377 denique
273 2298 398 2359 Romani
418 2304 531 2360 veteres
551 2301 676 2379 novique
698 2298 742 2380 [et
763 2299 800 2360 ob
822 2318 856 2360 ea
871 2302 996 2361 scientes
1011 2295 1104 2379 belli],

126 2385 150 2444 si
172 2401 245 2462 quos
259 2381 341 2442 locus
359 2388 409 2443 aut
429 2400 513 2444 casus
528 2385 732 2458 coniunxerat,
754 2381 833 2443 orbis
851 2383 948 2446 fecere
963 2390 1051 2462 atque
1068 2383 1136 2444 itas

126 2465 163 2526 ab
186 2464 321 2526 omnibus
348 2464 480 2543 partibus
502 2467 587 2528 simul
609 2467 678 2528 tecti
699 2472 728 2527 et
746 2467 880 2528 instructi
899 2467 1028 2529 bostium
1050 2467 1107 2527 mm

77 2547 116 2613 98
127 2548 336 2612 sustentabant.
370 2548 471 2628 Neque
486 2551 515 2611 in
538 2568 572 2611 eo
588 2560 646 2612 tarn
664 2567 768 2627 aspero
786 2552 903 2627 negotio
921 2550 1030 2612 Marius
1048 2556 1106 2611 ter·

127 2636 200 2695 ritus
222 2639 272 2694 ant
293 2634 385 2709 magis
408 2651 495 2712 quam
516 2639 600 2695 antea
616 2633 740 2694 demisso
762 2633 858 2693 animo
879 2634 948 2706 fuit,
972 2642 1017 2696 set
1040 2651 1107 2696 oum

126 2725 223 2776 turma
240 2734 302 2785 sna,
322 2733 409 2795 quarn
424 2735 459 2779 ex
471 2717 644 2778 fortissumis
658 2716 750 2792 magis
762 2733 849 2794 quarn
866 2717 1107 2778 familiarissumis

126 2806 294 2877 paraverat,
313 2801 411 2877 vagari
425 2803 532 2878 passim
547 2819 580 2861 ac
597 2799 684 2859 modo
695 2797 896 2862 laborantibus
910 2802 970 2862 suis
984 2811 1137 2862 succan-tt

126 2900 209 2952 rere,
227 2882 314 2943 modo
328 2883 433 2953 bostis,
454 2883 505 2945 nbi
519 2883 732 2944 confertissumi
749 2881 937 2954 obstiterant,
952 2884 1105 2945 invadere:

127 2984 216 3028 manu
238 2966 391 3028 consulere
414 2966 568 3036 militibus,
595 2969 731 3045 quoniam
749 2968 896 3046 imperare
924 2965 1107 3029 conturbatis

102 3048 263 3112 ²omnibus
277 3068 336 3110 non
352 3057 475 3128 poterat.
510 3049 628 3129 lamque
652 3051 713 3113 dies
730 3058 918 3130 consumptus
935 3055 1014 3120 erat,
1039 3068 1107 3112 cnm

124 3140 223 3196 tamen
236 3132 356 3196 barbari
367 3133 437 3195 nihil
448 3135 597 3196 remittere
614 3141 717 3215 atque,
728 3138 770 3197 uti
782 3152 867 3212 reges
880 3140 1105 3212 praeceperant,

101 3224 242 3280 anoctem
260 3236 315 3298 pro
337 3219 440 3280 serati
462 3219 558 3280 acrius
576 3220 693 3280 instare.
737 3219 812 3280 Tum
834 3218 941 3280 illarius
963 3237 998 3278 ex
1021 3220 1135 3297 copia&

57 3337 61 3342 ·
125 3321 226 3364 rernm
248 3301 398 3363 consilinm
415 3301 614 3383 trahit,atque,
634 3303 676 3365 uti
696 3303 755 3364 suis
770 3304 901 3380 receptui
919 3300 1002 3363 locus
1017 3309 1104 3372 esset,

126 3384 207 3444 cobis
229 3386 302 3447 duos
323 3389 504 3467 propinquos
524 3389 599 3450 inter
619 3406 651 3450 se
670 3392 810 3464 occupat,
834 3403 960 3465 quorum
982 3385 1012 3445 in
1033 3403 1103 3455 uno,

118 3469 225 3528 castris
239 3487 349 3549 parum
373 3471 486 3556 amplo,
510 3473 573 3535 fons
592 3491 683 3554 aquae
705 3488 827 3550 magnus
850 3477 913 3533 erat
948 3466 1023 3532 alter
1038 3468 1104 3532 usui
