2422 3854
271 201 314 242 nn
335 199 438 244 annno
461 199 661 247 rvorsronro
687 200 715 246 o.
738 192 781 248 28.
803 194 846 249 29.
865 195 907 250 30.
1036 186 1077 248 55

95 359 127 410 et
140 346 241 410 habitu
255 365 346 427 supra
359 351 593 411 memoravimus.
623 350 697 412 Nam
712 351 743 412 in
754 349 874 412 consule
888 358 991 413 nostro
1003 352 1107 415 mul-5

96 439 144 493 tae
152 429 391 508 bonaequeartes
402 440 431 495 ct
442 435 533 495 animi
540 434 710 511 etcorporis
721 440 815 502 erant,
825 451 898 511 quas
908 437 1002 497 omnis
1013 452 1079 496 ava·

97 515 163 576 ritia
178 513 400 595 praepediebat:
413 517 527 594 patiens
541 515 686 586 laborum,
701 517 763 578 acri
777 518 903 595 ingenio,
930 519 1000 580 satis
1010 535 1079 596 pro·

97 598 209 668 videns,
232 597 300 659 belli
319 597 391 661 baut
413 600 542 677 ignarus,
562 600 756 663 firmissumus
778 606 880 662 contra
898 601 1030 680 pericula
1051 608 1081 662 et

73 682 226 744 ainsidias.
269 681 320 743 Set
339 681 471 758 legiones
488 701 544 762 per
558 682 670 744 ltaliam
683 682 809 760 Regium
833 691 920 764 atque
948 685 1017 746 inde
1036 685 1107 746 Sic

99 764 203 835 ciliam,
221 782 313 844 porro
330 783 367 827 ex
382 765 479 828 Sicilia
494 768 525 827 in
539 767 667 828 Africam
687 773 876 829 transmotae.
908 768 1000 846 Igitur
1016 767 1106 830 Cal-7

96 849 221 927 purnius
235 850 316 911 initio
333 851 442 927 paratis
457 850 657 912 conmeatibus
671 851 777 911 acriter
787 849 952 913 Numidiam
969 854 1080 931 ingres·

97 949 148 994 sus
162 940 207 997 est
219 933 387 1012 multosque
402 933 534 995 mortalis
548 941 576 996 et
593 933 676 996 urbis
690 932 800 1012 aliquot
814 935 973 1012 pugnando
994 938 1079 1014 cepit.

100 1016 151 1077 Set
161 1016 213 1079 ubi
226 1017 367 1097 Iugurtha
378 1035 432 1096 per
445 1017 558 1095 legatos
567 1019 692 1097 pecunia
702 1024 846 1097 temptare
856 1017 993 1098 bellique,
1004 1019 1083 1099 quod
1091 1017 1132 1080 tu

65 1121 90 1165 ro
99 1099 329 1170 administrabat,
348 1102 535 1180 asperitatem
553 1102 708 1164 ostendere
724 1104 834 1181 coepit,
859 1103 973 1164 animus
994 1118 1082 1180 aeger

99 1185 218 1245 avaritia
234 1183 319 1246 iacile
335 1201 496 1247 convorsus
517 1193 569 1248 est.
605 1185 742 1248 Ceterum
756 1187 853 1248 socius
868 1192 897 1247 et
914 1186 1109 1247 administert

99 1269 231 1328 omnium
248 1266 437 1328 consiliorum
452 1269 614 1330 adsumitur
624 1270 767 1339 Scaurus,
781 1270 830 1349 qui
840 1271 956 1331 tametsi
971 1288 988 1331 a
1002 1269 1083 1348 prin·

100 1353 177 1429 cipio
192 1349 341 1428 plerisque
363 1368 399 1412 ex
420 1350 546 1411 factione
559 1352 622 1413 eius
638 1354 789 1429 conruptis
808 1370 964 1415 acerrume
982 1369 1084 1431 regem

101 1435 324 1513 impugnaverat,
339 1439 436 1494 tamen
449 1435 647 1512 magnitudine
662 1435 804 1513 pecuniae
821 1452 838 1495 a
852 1435 932 1496 bono
946 1436 1083 1498 bonesto-

65 1543 91 1585 ιι
102 1537 160 1597 que
175 1519 206 1579 in
222 1534 344 1596 pravom
365 1516 529 1580 abstractus
547 1525 600 1580 est.
633 1518 684 1579 Set
697 1516 839 1594 Iugurtha
852 1520 950 1597 primo
971 1527 1110 1582 tantuma

101 1601 190 1663 modo
206 1599 277 1663 belli
292 1618 406 1663 moram
420 1601 597 1673 redimebat,
614 1603 792 1664 existumans
807 1619 873 1664 sese
889 1601 997 1682 aliquid
1010 1605 1084 1665 inte·

101 1687 158 1747 rim
172 1685 284 1748 Romae
301 1686 395 1762 pretio
412 1692 462 1746 aut
476 1688 568 1764 gratia
584 1686 771 1748 effecturum:
793 1693 897 1763 postea
910 1706 980 1750 vero
997 1705 1085 1767 quam

102 1771 275 1848 participem
292 1770 392 1846 negoti
409 1769 555 1830 Scaurum
570 1771 690 1847 accepit,
704 1770 735 1829 in
747 1787 915 1834 maxumam
934 1789 1017 1850 spem
1034 1771 1085 1831 ad·

103 1853 209 1914 ductus
232 1851 453 1930 recuperandae
474 1854 572 1931 pacis,
601 1854 701 1913 statuit
727 1871 795 1914 cum
821 1855 862 1914 eis
891 1854 927 1916 de
949 1854 1085 1915 omnibus

67 1935 288 2016 aepactionibus
309 1952 450 2014 praesens
469 1951 566 2012 agere.
613 1934 750 1996 Ceterum
769 1937 882 1998 interea
901 1937 969 1998 fidei
1000 1942 1113 1999 causa4

103 2021 227 2082 mittitur
248 2039 266 2080 a
288 2019 408 2082 consule
425 2020 541 2082 Sextius
563 2025 702 2100 quaestor
723 2020 754 2079 in
773 2020 915 2098 oppidum
929 2019 1087 2098 Iugurthae

104 2104 228 2181 Vagam:
259 2106 343 2166 cuius
368 2105 414 2165 rei
442 2105 556 2183 specics
583 2110 648 2164 erat
669 2104 801 2181 acceptio
826 2103 980 2174 frumenti,
1009 2104 1088 2184 qnod

105 2187 280 2265 Calpurnius
298 2186 396 2264 palam
416 2187 519 2264 legatis
542 2188 746 2264 imperaverat,
774 2189 912 2265 quoniam
934 2188 1087 2250 deditionis

105 2287 189 2332 mora
204 2269 339 2331 induciae
354 2270 547 2347 agitabantur.
580 2269 673 2345 Igitur
686 2288 754 2339 rex,
777 2271 821 2331 uti
840 2273 1039 2341 constituerat,
1055 2273 1119 2332 inb

70 2359 202 2419 aecastra
220 2354 298 2413 venit
314 2370 348 2413 ac
368 2370 461 2431 pauca
482 2353 629 2430 praesenti
649 2351 770 2413 consilio
788 2351 905 2412 locutus
925 2354 962 2414 de
983 2354 1089 2415 insidia

106 2439 175 2498 iacti
189 2437 235 2497 sui
257 2442 345 2515 atque
366 2437 408 2497 uti
429 2436 460 2496 in
479 2434 656 2496 deditionem
672 2435 872 2511 acciperetur,
895 2434 1007 2499 relicua
1022 2455 1090 2500 cum

106 2521 204 2582 Bestia
224 2525 254 2581 et
274 2519 386 2582 Scauro
409 2525 523 2582 secreta
542 2518 689 2596 transigit:
713 2517 780 2578 dein
802 2523 922 2596 postero
940 2521 987 2583 die
1008 2525 1091 2600 quasi

107 2623 161 2683 per
182 2611 312 2665 saturam
337 2603 488 2666 sententiis
510 2602 658 2681 exquisitis
680 2603 710 2661 in
731 2600 910 2665 deditionem
938 2606 1088 2684 accipitur.

108 2689 175 2757 Set,
189 2689 232 2748 uti
246 2705 301 2764 pro
318 2688 440 2749 consilio
451 2690 630 2767 imperatum
641 2691 712 2757 erat,
729 2686 876 2765 elephanti
895 2689 1022 2768 triginta,
1039 2691 1117 2767 ped

73 2795 100 2838 ao
110 2787 162 2833 cus
179 2777 266 2848 atque
289 2773 357 2849 equi
375 2769 459 2833 multi
472 2790 540 2834 cum
554 2789 646 2850 parvo
667 2773 781 2848 argenti
794 2770 927 2850 pondere
943 2775 1092 2852 quaestori

110 2855 277 2917 traduntur.
324 2853 497 2932 Calpurnius
523 2854 648 2916 Romam
673 2854 710 2915 ad
736 2855 922 2934 magistratus
944 2858 1117 2934 rogandosr

110 2937 315 3019 proficiscitur.
341 2937 375 2998 ln
385 2937 519 2999 Numidia
538 2945 567 2999 et
583 2940 713 3001 exercitu
726 2945 828 2999 nostro
841 2958 899 3018 pax
916 2940 1090 3017 agitabatur.

194 3021 353 3099 Postquam
371 3038 420 3082 res
441 3022 471 3081 in
487 3021 584 3083 Africa
603 3029 699 3099 gestas
713 3041 831 3103 quoqne
847 3025 935 3086 modo
951 3032 1033 3086 actae
1048 3024 1091 3084 io·
1101 3018 1142 3080 30

111 3113 178 3169 rent
194 3105 270 3166 iama
293 3102 462 3181 divolgarit,
480 3104 589 3166 Romae
610 3123 664 3184 per
682 3109 777 3168 omnis
793 3107 874 3170 locos
890 3114 919 3168 et
933 3113 1092 3167 conventus

78 3212 102 3254 aa
112 3192 149 3252 de
161 3189 239 3251 iacto
254 3188 382 3250 consulis
391 3188 504 3265 agitari.
527 3189 612 3266 Apud
627 3189 743 3268 plebem
757 3192 854 3269 gratis
865 3189 980 3258 invidia,
993 3195 1092 3267 patres

112 3273 226 3335 solliciti
248 3279 347 3333 erant:
365 3272 567 3346 probarentne
585 3279 696 3335 tantum
716 3274 858 3352 flagitium
880 3289 917 3332 an
940 3271 1092 3333 decretum

113 3355 241 3418 consulis
261 3355 468 3420 subvorterent
489 3373 596 3436 parum
617 3357 777 3418 constabat.
819 3356 862 3416 Ao
880 3372 1018 3417 maxume
1040 3363 1118 3418 eost

112 3441 241 3519 potentia
256 3437 368 3510 Scauri,
392 3441 471 3521 quod
488 3442 514 3504 is
530 3445 632 3502 auctor
650 3445 679 3501 et
694 3441 790 3500 socius
805 3439 919 3502 bestiae
933 3439 1092 3512 ferebatur,
