2422 3854
312 211 479 257 3111311333
502 208 702 255 1331333133
725 207 753 250 3.
771 202 815 254 50.
835 200 879 253 51.
1044 189 1085 251 oe

107 381 164 444 pro
185 380 220 424 re
239 369 326 441 atquc
344 360 419 431 loco,
437 359 521 420 sicuti
534 366 633 420 monte
647 355 847 424 descenderat,
863 355 1002 434 paulatim
1015 372 1085 434 pro·

109 447 225 516 cedere,
248 444 371 505 Narium
389 449 455 520 post
472 444 614 521 principia
631 441 758 510 habere,
782 442 844 522 ipse
863 457 931 500 curu
953 439 1085 500 sinistrae

108 529 171 592 3133
190 527 335 608 equitibus
354 543 426 595 esse,
445 527 494 604 qui
515 527 545 585 in
566 527 681 603 agmine
696 525 843 604 principes
860 523 928 584 13311
949 529 1040 584 31331.

193 609 389 687 1111311113,
408 608 460 670 ubi
475 615 637 670 extremum
652 625 757 687 333133
771 606 879 671 Metelli
892 607 1003 686 primos
1017 614 1112 667 suost

81 702 359 774 opraetergressum
380 693 466 762 videt,
487 693 630 768 praesidio
653 692 735 771 quasi
755 692 845 754 duum
863 689 974 752 31111331
1002 685 1085 769 pedr-

108 787 170 841 tum
203 784 331 839 montem
349 782 482 853 occupat,
504 793 561 854 qua
579 774 711 836 Metellus
732 775 930 855 descenderat,
950 791 988 835 ne
1011 772 1086 834 torte

108 861 276 924 cedentibus
298 860 472 922 advorsariis
492 860 624 938 receptui
650 877 684 919 ac
711 866 777 935 post
795 858 975 919 munimento
995 857 1084 918 toret:

107 946 174 1007 dein
193 951 315 1022 repente
338 945 421 1020 31333
441 943 507 1002 dato
530 943 621 1003 hostis
635 942 750 1002 invadit.
785 940 927 1003 Numidae
944 939 992 1000 alii
1006 946 1111 1017 post-t

107 1046 206 1090 remos
224 1028 356 1096 caedere,
380 1039 448 1103 pars
463 1044 480 1086 a
495 1026 612 1086 sinistra
633 1044 667 1086 ac
689 1026 790 1086 dextra
805 1030 959 1103 temptare,
981 1022 1086 1084 intensi

72 1114 208 1174 ltadesse
234 1118 321 1191 atque
343 1113 465 1178 instare,
499 1109 633 1171 omnibus
655 1108 726 1169 locis
746 1109 948 1170 Romanorum
970 1107 1087 1167 ordines

107 1195 301 1263 conturbare,
324 1211 450 1272 quorum
465 1193 552 1253 311331
569 1195 619 1271 qui
633 1192 810 1254 firmioribus
826 1192 929 1254 animis
945 1189 1022 1250 obvii
1033 1189 1086 1249 ho·

106 1278 200 1339 stibus
217 1277 342 1344 fuerant,
358 1275 495 1336 ludificati
513 1277 625 1336 incerto
642 1275 753 1352 proelio
788 1278 842 1353 ipsi
864 1275 951 1335 modo
975 1275 1086 1335 eminus

108 1358 324 1426 sauciabantur,
340 1375 436 1435 neque
458 1363 559 1417 contra
573 1357 699 1418 feriundi
713 1364 763 1419 aut
778 1358 954 1419 conserundi
967 1373 1087 1418 manum

109 1444 192 1521 copia
210 1447 286 1503 erat:
302 1447 369 1502 ante
384 1442 442 1500 iarn
456 1440 533 1501 docti
548 1439 584 1500 ab
606 1439 746 1516 Iugurtha
769 1443 892 1520 equites,
912 1439 963 1500 ubi
980 1439 1113 1503 Roma-t
1180 1460 1182 1464 ·

75 1544 215 1588 1511011111]
238 1532 334 1586 131313
355 1524 469 1603 insequi
496 1530 648 1601 coeperat,
678 1540 736 1583 non
761 1523 915 1585 confertim
939 1539 1035 1601 neque
1057 1524 1087 1581 in

108 1627 199 1670 unum
214 1626 279 1670 sese
295 1606 484 1684 recipiebant,
501 1612 545 1668 331
559 1606 632 1668 31133
649 1606 705 1668 3113
721 1626 807 1686 <pram
819 1624 955 1667 maxume
970 1606 1085 1666 divorsi.

107 1693 148 1754 lta
162 1710 285 1754 numero
300 1692 428 1769 priores,
452 1691 477 1751 si
492 1689 529 1750 ab
547 1692 749 1769 persequendo
765 1691 856 1752 hostis
870 1691 1020 1751 deterrere
1035 1701 1114 1754 net

109 1776 270 1854 quiverant,
288 1775 423 1834 disiectos
436 1773 473 1834 ab
489 1780 571 1848 tergo
588 1781 638 1834 aut
651 1773 790 1836 lateribus
805 1771 1085 1835 circumveniebant:

110 1859 155 1918 sin
164 1858 357 1936 opportunior
368 1857 453 1934 13333
465 1854 641 1934 collisquam
658 1859 751 1933 campi
767 1857 870 1927 luerat,
887 1871 1085 1917 331313333-

73 1941 182 2000 13311311
203 1938 393 2000 Numidarum
412 1935 480 2016 equl
494 1937 577 1999 133113
593 1941 669 2000 13131
683 1939 806 2016 virgulta
823 1939 955 2007 evadere,
971 1944 1086 1997 nostros

107 2024 246 2098 asperitas
263 2029 292 2083 et
311 2020 463 2083 insolentia
481 2020 538 2082 looi
557 2022 710 2084 retinebat.
744 2021 880 2084 Ceterum
897 2021 984 2082 133133
1001 2021 1087 2081 totius
1097 2023 1136 2087 51

106 2107 204 2182 333311
220 2107 298 2166 13113
316 2106 436 2175 1333113,
451 2106 537 2168 133113
552 2112 638 2185 atque
654 2106 841 2168 miserabilis:
857 2105 980 2182 dispersi
995 2123 1012 2164 3
1027 2105 1087 2164 3313

107 2205 174 2266 pars
196 2189 301 2251 cedere
320 2189 366 2250 3111
386 2190 508 2268 insequi,
528 2207 624 2270 neque
638 2192 720 2269 signa
734 2208 830 2270 neque
850 2189 968 2250 ordines
985 2187 1086 2248 obser·

106 2289 185 2339 vare,
207 2270 258 2330 ubi
277 2289 422 2354 quemque
442 2273 604 2350 periculum
621 2280 739 2351 ceperat
757 2273 796 2334 ibi
812 2274 949 2334 resistere
965 2290 1000 2332 ac
1017 2288 1086 2347 pro·

72 2353 240 2430 repulsare:
264 2355 426 2423 armatela,
444 2357 512 2433 equi
526 2357 588 2424 viri,
611 2356 710 2416 hostes
732 2362 819 2432 atque
842 2357 917 2416 cives
939 2354 1085 2431 permixti,

107 2436 178 2496 nihil
196 2435 316 2496 consilio
334 2438 635 2516 nequclmperloagi,
652 2437 713 2498 1313
728 2438 824 2498 331313
842 2453 954 2514 133313.
987 2435 1112 2513 11331133

106 2519 232 2580 multum
255 2519 311 2580 diei
322 2528 521 2598 processerat,
546 2538 612 2580 cum
627 2522 776 2582 etiamtum
795 2525 914 2582 eventus
928 2520 957 2579 in
975 2520 1086 2578 incerto

108 2609 178 2664 3131.
214 2603 346 2682 Denique
367 2603 502 2679 onpribus
523 2602 623 2665 labore
646 2612 675 2666 et
689 2610 770 2666 aestu
794 2603 937 2682 languidis
955 2599 1112 2668 Metellusa

107 2684 160 2746 11111
172 2687 251 2748 videt
265 2687 406 2748 Numidas
420 2689 514 2748 311333
529 2689 652 2757 1331313,
675 2688 813 2767 paulatim
830 2685 934 2747 milites
950 2686 979 2745 in
995 2701 1086 2746 unum

74 2769 254 2838 acconduoit,
277 2770 394 2834 ordines
415 2773 539 2833 restituit
557 2777 586 2832 et
610 2771 737 2832 cohortis
755 2770 929 2849 legionarias
951 2775 1086 2849 quattuor

107 2852 264 2912 advorsum
287 2852 400 2929 pedites
424 2855 552 2915 hostium
574 2855 714 2916 conlocat.
756 2854 867 2917 Eorum
890 2871 996 2932 magna
1017 2870 1086 2932 pars

107 2933 309 3014 superioribus
329 2934 401 2994 13313
419 2936 493 2998 fessa
509 2939 689 3000 consederat.
723 2938 816 3000 Simul
829 2957 915 3001 31313
931 2945 960 3001 31
974 2937 1113 3003 hortaris

108 3018 263 3080 militesne
275 3017 435 3080 delicerent
449 3036 506 3081 neu
521 3028 691 3098 paterentur
702 3021 792 3082 hostis
804 3023 940 3102 1113133113
951 3023 1084 3082 vincere:

107 3120 203 3180 neque
219 3101 274 3163 illis
296 3107 392 3164 castra
414 3119 477 3164 esse
498 3121 594 3182 neque
608 3107 820 3166 munimentum
835 3105 935 3174 ullum,
960 3119 1018 3180 quo
1037 3121 1085 3163 ce·

72 3201 96 3240 aa
107 3185 210 3246 dentes
229 3185 397 3248 tenderent:
410 3187 440 3247 in
468 3189 555 3247 armis
583 3191 679 3249 omnia
704 3191 767 3250 sita.
815 3189 865 3248 Set
885 3204 923 3248 ne
945 3186 1111 3262 1333111131

108 3268 225 3345 quidem
247 3270 359 3331 interea
380 3267 494 3348 quietus
516 3277 598 3333 erat:
618 3273 773 3333 circumire
791 3270 919 3339 hortari,
943 3286 1086 3332 renovare

107 3352 251 3430 proelium
273 3361 302 3416 et
321 3354 384 3432 ipse
403 3372 470 3415 cum
492 3353 611 3416 delectis
631 3361 774 3435 temptare
796 3351 1087 3423 omniazsubveniro

107 3436 178 3506 suis,
190 3435 322 3498 hostibus
338 3435 433 3498 dubiis
448 3438 565 3508 instare,
581 3441 653 3518 quos
668 3440 769 3499 firmos
784 3443 960 3515 cognoverat
972 3439 1085 3499 eminus
