2422 3854
145 174 165 239 8
228 195 271 237 nn
294 191 466 238 curremus
489 192 732 238 oonrvnarronr
754 193 781 236 o.
804 185 978 242 14.1s.16.
1002 186 1046 244 tt'.

147 349 235 422 atque
246 360 337 421 equos
352 343 487 411 mercari,
499 346 647 419 postremo
661 359 758 421 neque
772 343 901 420 sumptui
915 360 1012 423 neque
1025 345 1126 408 mode·

147 428 219 488 stiae
234 443 304 486 suae
318 441 450 502 parcere,
467 423 537 484 dum
552 422 616 483 illos
631 423 774 485 obnoxios
787 426 920 503 fidosque
935 426 991 488 sibi
1007 429 1126 491 laceret.

122 511 215 572 tscio
227 509 315 569 luisse
326 505 482 568 nonnullos
494 507 593 585 quiite
606 508 828 579 existumarent,
843 509 1037 582 iuventutem,
1053 529 1129 590 quae

149 594 269 655 domum
290 589 427 652 Catilinae
448 589 669 668 frequentabat,
692 607 797 668 parum
818 591 940 652 honeste
960 595 1128 670 pudicitiam

148 675 300 744 babuisse,
323 680 368 734 set
390 691 425 733 ex
449 672 513 733 aliis
536 672 626 734 rebus
647 675 756 751 magis,
784 692 870 754 quam
893 675 972 754 quod
993 679 1151 757 cuiquams

102 762 138 822 15
149 760 179 821 id
200 764 374 836 conpertum
389 758 473 828 foret,
493 757 567 818 haee
585 757 663 817 lama
679 755 802 818 valebat.
835 757 897 818 lam
910 760 1038 836 primum
1057 763 1129 823 adu·

149 842 263 904 lescens
278 840 397 903 Catilina
411 840 502 901 multa
525 840 650 902 nefanda
666 848 768 919 stupra
785 841 911 912 lecerat,
934 859 1002 903 cum
1018 845 1130 922 virgine

151 924 255 996 nobili,
271 943 339 986 cum
352 924 504 985 sacerdote
519 923 637 993 Vestae,
661 923 716 984 alia
736 925 859 986 huiusce
874 925 954 986 modi
969 929 1130 989 contraius
1191 997 1193 1002 k

122 1009 261 1090 tiasque.
294 1009 447 1069 Postremo
465 1013 567 1084 captus
581 1025 682 1068 amore
703 1007 838 1069 Aureliae
856 1007 1023 1079 Orestillae,
1048 1012 1130 1072 cuius

148 1099 267 1173 praeter
296 1092 420 1152 sormam
449 1089 522 1151 nihil
549 1107 688 1168 umquam
703 1090 799 1152 bonus
827 1091 969 1163 laudavit,
997 1095 1077 1173 qnod
1096 1111 1165 1157 ean

149 1175 271 1237 nubere
280 1173 321 1235 illi
335 1174 486 1235 dubitabat
501 1176 605 1235 timens
619 1175 785 1253 privignum
799 1174 931 1237 adultum
945 1183 1055 1247 aetate,
1075 1195 1131 1255 pro

151 1266 232 1322 certo
255 1258 384 1319 creditur
397 1264 501 1318 necato
524 1257 583 1319 lilio
599 1276 721 1319 vacuam
736 1260 857 1320 domum
873 1258 1001 1320 scelestis
1023 1262 1131 1338 nuptiis

124 1343 263 1404 eiecisse.
309 1340 389 1410 Quae
412 1341 530 1420 quidem
555 1359 604 1402 res
626 1341 697 1402 mihi
718 1343 748 1402 in
768 1344 871 1420 primis
892 1343 1006 1404 ridetur
1029 1360 1131 1404 caussa

125 1426 241 1488 eluisse
261 1425 398 1485 facinoris
419 1424 593 1485 maturandi.
626 1424 759 1504 Namque
781 1428 895 1487 animus
911 1429 1047 1503 inpurus,
1071 1427 1132 1488 deis

150 1509 377 1587 hominibusque
391 1507 522 1579 infestus,
538 1507 748 1587 nequevigiliis
763 1526 860 1587 neque
877 1509 1022 1587 quietibus
1036 1510 1132 1571 sedari
1143 1531 1166 1574 n
1189 1585 1194 1591 ¹

124 1600 281 1673 apoterat:
297 1593 337 1653 ita
355 1593 531 1652 conscientia
548 1598 677 1652 mentem
691 1593 814 1652 excitam
825 1591 965 1652 vastabat.
978 1591 1070 1668 Igitur
1084 1612 1132 1654 co-

151 1675 196 1737 los
211 1679 238 1737 ei
253 1675 407 1752 exanguis,
424 1674 501 1735 foedi
516 1673 608 1745 oculi,
629 1675 703 1736 citus
716 1674 805 1735 modo
820 1675 907 1734 modo
922 1674 1024 1735 tardus
1038 1677 1132 1736 inces-

107 1761 222 1829 ldsus:
245 1775 368 1836 prorsus
390 1759 420 1818 in
442 1759 514 1819 laoie
530 1758 666 1837 voltuque
678 1758 814 1819 vecordia
832 1759 935 1818 inerat.
969 1758 1021 1819 Set
1033 1760 1133 1820 iuven·

139 1848 261 1912 -tutem,
285 1859 388 1921 quarm
411 1848 444 1902 ut
465 1859 555 1919 supra
576 1842 715 1913 diximus,
737 1840 894 1913 inlexerat,
921 1841 1018 1902 multis
1040 1844 1133 1903 modis

127 1925 229 1992 amala
245 1924 375 1985 facinora
393 1924 544 1986 edocebat.
577 1924 620 1984 Ex
635 1924 690 1985 illis
710 1927 790 1986 testis
808 1928 1030 2002 signatoresque
1046 1925 1133 1985 lalsos
1144 1946 1169 1986 ao

154 2009 356 2071 commodare:
372 2009 460 2069 fidem
475 2009 606 2068 fortunas
619 2006 748 2084 pericula
763 2007 828 2068 vilia
843 2006 968 2075 habere,
986 2013 1066 2084 post,
1083 2007 1134 2068 ubi

155 2111 258 2153 eorum
279 2091 387 2152 lamam
409 2098 495 2171 atque
517 2090 661 2169 pudorem
682 2090 852 2158 adtriverat,
881 2090 993 2149 maiora
1016 2089 1070 2150 alia
1091 2093 1134 2151 in·

129 2176 291 2254 sperabat:
314 2177 338 2239 si
359 2192 460 2237 caussa
477 2172 618 2251 peccandi
633 2175 663 2232 in
678 2190 819 2251 praesens
833 2173 930 2232 minus
951 2171 1134 2250 subpetebat,

156 2259 245 2320 nihilo
274 2260 370 2321 niinus
393 2258 515 2319 insontis
535 2255 621 2316 sicuti
647 2257 738 2315 sontis
760 2256 971 2318 circumvenire
992 2256 1133 2334 iugulare

155 2342 316 2404 scilicetne
338 2361 392 2421 per
411 2341 502 2401 otium
523 2345 725 2417 torpescerent
743 2357 847 2401 manus
864 2346 913 2399 ant
930 2341 1052 2410 animus,
1069 2357 1171 2418 gra-as

129 2427 228 2487 ltuito
245 2428 342 2504 potins
355 2423 449 2485 malus
463 2430 550 2502 atque
566 2421 693 2484 crudelis
714 2429 784 2483 erat.
813 2424 862 2483 Eis
876 2423 976 2482 amicis
991 2424 1137 2501 sociisque

157 2510 282 2570 conlisus
298 2507 434 2575 Catilina,
458 2506 544 2566 simul
559 2505 638 2583 quod
659 2523 707 2567 aes
723 2505 849 2566 alienum
862 2523 917 2582 per
933 2507 1028 2566 omnis
1043 2510 1137 2567 terras

156 2594 258 2671 ingens
279 2598 356 2659 erat,
381 2596 410 2649 et
432 2589 510 2667 qnod
531 2587 663 2667 plerique
685 2587 796 2649 Sullani
817 2586 932 2658 milites,
953 2586 1064 2666 largius
1082 2607 1136 2650 suo

157 2676 216 2744 usi,
234 2675 405 2752 rapinarum
427 2677 456 2732 et
477 2672 614 2732 victoriae
636 2674 740 2732 veteris
754 2689 900 2750 memores
923 2670 1005 2732 civile
1026 2671 1137 2734 bellum

130 2755 349 2835 temptabant,
371 2754 585 2832 obprimundae
603 2755 800 2833 reipublicae
822 2754 976 2817 consilium
991 2758 1076 2835 cepit.
1104 2755 1171 2822 lusu

155 2839 235 2901 ltalia
248 2838 346 2901 nullus
361 2839 520 2906 exereitus,
538 2838 592 2897 Gn.
604 2838 761 2916 Pompeius
775 2840 805 2898 in
821 2841 958 2900 extremis
970 2841 1058 2901 terris
1074 2838 1137 2899 bel·

156 2924 218 2984 lum
239 2922 367 3001 gerebat,
390 2920 446 2997 ipsi
467 2919 651 2981 consulatum
672 2922 780 2999 petenti
795 2939 901 3000 magna
916 2940 998 3001 spes,
1019 2927 1139 2981 senatus

156 3004 228 3067 nihil
248 3023 319 3065 sane
340 3005 485 3064 intentus:
501 3010 580 3064 tutae
595 3003 826 3083 tranquillaeque
842 3022 890 3066 res
906 3021 1022 3071 omnes,
1044 3010 1089 3064 set
1104 3023 1137 3064 ea

158 3104 279 3167 prorsus
295 3092 461 3165 opportuna
483 3088 632 3149 &dinae

17 3223 19 3230 .
112 3177 148 3235 tt
243 3169 333 3248 lpitur
355 3170 472 3231 circiter
494 3169 639 3230 Kalendas
660 3169 756 3232 lunias
770 3172 802 3232 L.
826 3171 949 3233 Caesare
965 3168 1022 3250 [et]
1041 3169 1075 3231 G.
1091 3170 1173 3241 lli-³,

159 3254 228 3333 gulo
241 3252 409 3316 consulibus
420 3255 517 3333 primo
529 3253 659 3332 singulos
671 3254 831 3332 adpellare,
850 3254 961 3313 hortari
973 3253 1044 3313 alios
1067 3253 1139 3314 alios

159 3345 317 3418 temptare:
333 3356 403 3417 opes
417 3356 494 3407 suas,
506 3338 668 3416 inparatam
684 3337 918 3416 rempublicam,
935 3353 1041 3413 magna
1053 3354 1138 3414 prae·

128 3424 214 3487 entia
239 3423 446 3485 coniurationis
467 3423 583 3484 docere.
634 3420 689 3482 Ubi
710 3421 779 3480 satis
801 3418 950 3498 explorata
973 3427 1042 3481 sunt
1065 3439 1140 3500 quae
