2422 3854
271 203 314 247 on
335 202 438 246 annno
461 201 660 247 ruerannmo
685 201 711 246 o.
734 194 777 250 66.
797 193 841 250 ot.
865 193 910 250 68.
1042 185 1084 248 m
1138 274 1140 279 ἲ

87 349 161 428 let,
189 358 220 414 et
240 369 377 414 maxume
398 351 603 421 Numidarum,
631 352 748 428 ingenio
773 349 888 422 mobili,
914 351 1083 414 seditiosum

106 442 197 515 atqua
212 435 425 497 discordiosum
446 443 517 507 orat,
537 435 676 515 onpidnm
695 451 836 497 novarum
856 453 971 505 rerem,
994 436 1083 515 quieti

107 527 139 582 et
156 520 215 580 otio
238 519 402 581 advorsum.
441 519 515 582 lteirr
527 519 685 597 conpositis
701 520 825 582 intense
846 519 937 581 rebius
955 520 984 580 in
1005 520 1082 581 diem

105 604 226 664 tertium
244 604 429 674 constituunt,
453 604 532 683 quod
553 602 682 664 isfestus
702 602 927 684 celebratamque
944 621 998 682 per
1020 619 1083 664 om·

83 703 176 748 anem
194 686 325 748 lfrioam·
342 686 444 750 ludum
466 695 494 748 et
515 686 660 747 lasciniam
679 687 771 766 magis
795 706 882 767 qnam
897 688 1082 749 formidinem

106 770 278 832 ostentabat.
319 771 373 832 Set
393 770 444 832 ubi
465 777 584 849 tempus
604 769 665 840 fuit,
688 772 872 832 centuriones
888 769 1107 851 tribunosquea

105 852 236 917 numm
258 861 289 915 et
306 855 402 933 ipsum
424 853 604 933 praefectum
626 854 738 932 oppidi,
770 853 802 914 Τ.
824 853 987 932 Turpilium
1010 854 1081 916 Sila·

105 955 185 1010 nnm,
209 938 287 1000 alins·
304 938 392 999 allum
414 938 517 999 domos
537 954 608 999 suas
625 937 755 1008 inmane,
777 955 826 999 eos
846 939 940 998 omnis
965 945 1082 1017 praeter

105 1021 273 1101 turpilium
286 1022 364 1083 inter
385 1020 487 1100 epulas
507 1021 699 1084 obtruncant:
715 1028 819 1101 postea·
829 1021 935 1082 milites
948 1020 1080 1099 palantis,

72 1125 96 1166 ro
106 1107 243 1177 inermos,
264 1106 373 1184 qnippe
387 1106 417 1166 in
431 1105 481 1168 tali
497 1106 561 1176 die,
585 1124 618 1167 ao
636 1106 699 1167 sine
711 1105 847 1186 lmporlo,
861 1104 1080 1182 adgrediuntur.

105 1189 187 1252 Idem
212 1188 314 1268 plebes
342 1188 425 1259 facit,
453 1207 523 1268 pars
545 1190 639 1250 edocti
666 1189 703 1250 ab
724 1189 888 1260 nobilitato,
918 1187 966 1250 alii
987 1190 1108 1250 studies

106 1271 207 1334 talium
226 1289 328 1333 rerum
347 1274 471 1342 inuitati,
494 1273 558 1351 quis
574 1278 636 1333 aeta
652 1272 862 1352 consiliumque
879 1271 1082 1350 ignorantibus

105 1354 247 1417 tumrdtus
266 1357 330 1432 ipse
350 1362 379 1416 et
400 1372 448 1417 res
469 1372 562 1416 novae
582 1356 654 1415 satis
670 1354 831 1434 placebant.
864 1355 987 1417 Romani
1008 1356 1081 1417 mili·
1092 1354 1130 1416 67

106 1447 164 1509 tes,
191 1438 338 1517 inproviso
352 1444 430 1500 metu
450 1439 554 1499 incerti
573 1439 724 1516 ignarique
746 1439 815 1518 qnid
833 1438 1028 1515 pommmnm
1040 1439 1082 1500 fa·

71 1528 223 1592 tacerent,
246 1523 421 1600 trepidare:-
447 1522 484 1583 ad
520 1538 618 1582 arcem
640 1522 752 1601 oppidi,
777 1521 829 1584 ubi
850 1522 934 1598 signa
951 1528 981 1582 et
1001 1528 1082 1582 scuta

106 1617 204 1678 erant,
242 1607 423 1688 praesidium
455 1608 602 1680 hostium,
640 1617 743 1688 portae
776 1617 844 1671 anto
877 1607 994 1671 plausae
1013 1607 1082 1684 fuga

105 1692 315 1774 prohibebant:
345 1690 461 1753 adhoc
488 1691 627 1754 mudieres
650 1695 795 1773 puerique
822 1710 878 1772 pro
899 1690 1081 1754 teetisaedi-

104 1780 238 1841 liciorum
253 1796 322 1841 saxa
336 1785 366 1840 et
384 1778 448 1850 alia,
467 1797 542 1858 quae
563 1777 646 1839 locus
667 1777 841 1856 praebebat,
864 1781 995 1840 certatim
1016 1780 1081 1839 mit·

104 1870 176 1925 tere.
219 1862 261 1923 lta
283 1866 378 1942 neque
401 1864 496 1924 caveri
511 1879 619 1940 anceps
633 1860 750 1932 malum,
765 1878 861 1942 noque
876 1881 892 1922 a
908 1863 1107 1925 fortissumlsa

70 1947 312 2008 aointirmissumo
327 1946 536 2024 generi-resisti
551 1961 652 2022 posse:
668 1946 747 2005 iux-ta
762 1943 832 2005 boni
845 1945 987 2023 malique,
1008 1952 1080 2005 stre·

105 2031 155 2091 nui
171 2037 199 2092 et
213 2029 337 2092 inbelles
351 2029 433 2091 inulti
448 2028 626 2091 obtruncari.
659 2028 690 2089 ln
706 2047 739 2090 ea
754 2035 833 2090 tanta
849 2029 1002 2106 asperitate
1018 2039 1106 2093 sae-t

105 2115 237 2175 vissnmls
254 2113 386 2175 Numidis
401 2120 429 2176 et
445 2114 553 2193 oppido
567 2112 696 2192 undique
711 2111 809 2174 clauso
827 2111 975 2192 Turpilius
996 2129 1081 2190 prae·

105 2197 199 2258 iectus
217 2214 294 2258 nnus
315 2214 350 2258 ex
369 2196 504 2258 omnibus
523 2197 627 2257 italicis
650 2197 775 2258 intactus
795 2196 934 2275 profugit.
978 2195 1009 2257 Id
1028 2197 1081 2257 mi·

106 2279 303 2342 sericordiane
313 2279 435 2359 hospitis
446 2297 482 2343 an
493 2281 630 2362 pactione
641 2288 691 2343 aut
704 2296 771 2340 casu
785 2281 823 2339 ita
835 2281 962 2341 evenerit
977 2296 1081 2356 pamm

69 2383 96 2424 aa
107 2364 308 2442 conperimus,
325 2362 394 2431 nisi,
408 2365 474 2440 quia
490 2362 530 2422 illi
546 2364 671 2422 intanto
689 2361 766 2422 malo
786 2363 879 2438 turpis
898 2364 954 2421 vita
969 2361 1081 2439 integra

106 2447 182 2508 lama
197 2447 293 2524 potior
313 2445 375 2514 luit,
393 2444 535 2523 inprobus
556 2441 784 2522 intestabilisque
804 2443 926 2505 ridetur.

188 2532 333 2604 Metellus,
356 2538 511 2611 postquam
540 2531 687 2594 derebus
710 2530 808 2609 Vagae
845 2534 915 2595 actis
939 2534 1081 2610 conperit,
1094 2538 1133 2603 68

102 2616 250 2699 paulisper
272 2624 401 2680 maestus
424 2635 459 2678 ex
482 2624 640 2696 conspectu
663 2615 739 2678 abit:
766 2616 885 2688 deinde,
908 2616 959 2677 nbi
986 2617 1031 2676 ira
1054 2625 1083 2677 et

102 2702 258 2781 aegritudo
273 2703 417 2780 permixta
431 2708 512 2772 sunt,
537 2719 603 2762 cum
620 2717 756 2763 maxuma
772 2716 842 2762 cura
858 2699 951 2761 udtum
974 2699 1018 2760 iro
1037 2701 1082 2760 in·

69 2786 197 2848 miurias
212 2785 336 2846 festinat.
363 2786 531 2864 Legionem,
549 2803 615 2847 cum
631 2803 689 2865 qua
704 2782 860 2854 hiemabat,
878 2790 906 2845 et
917 2800 1005 2864 quam
1019 2784 1111 2863 plu-²

105 2886 207 2932 rumas
236 2874 332 2948 potest
353 2869 493 2932 Numidas
516 2871 629 2948 equites
660 2869 771 2949 pariter
794 2885 860 2929 cunr
883 2885 989 2930 occasu
1015 2868 1085 2930 solis

106 2953 256 3034 expeditos
272 2953 369 3015 educit
384 2959 413 3014 et
427 2962 544 3031 postera
561 2954 606 3017 die
622 2955 740 3015 circiter
761 2953 866 3015 boram
880 2954 995 3015 tertiam
1017 2970 1085 3031 per·

104 3039 182 3099 venit
203 3039 232 3099 in
254 3037 401 3117 quandam
422 3035 588 3116 planitiem,
610 3039 683 3100 locis
705 3037 792 3116 paulo
813 3036 1014 3116 superioribus
1029 3038 1082 3096 eir·

105 3128 296 3185 cumventam.
340 3121 384 3183 lbi
398 3121 505 3184 milites
528 3122 619 3185 fessos
634 3123 745 3184 itineris
760 3121 958 3202 magnitudine
980 3125 1008 3179 et
1029 3120 1114 3180 iamt

72 3221 97 3265 sa
107 3205 260 3269 abnuentis
276 3208 373 3268 omnia
388 3206 487 3278 docet,
504 3208 643 3285 oppidum
662 3209 771 3287 Vagam
793 3223 852 3267 non
867 3201 992 3280 amplius
1007 3200 1086 3261 mille

106 3308 246 3370 passuum
258 3290 376 3355 abesse:
392 3292 499 3355 decere
514 3290 581 3354 illos
595 3290 717 3354 relicum
732 3288 866 3352 laborem
881 3304 976 3368 aequo
988 3284 1084 3346 animo

105 3376 180 3456 pati,
196 3373 265 3438 dum
280 3394 335 3456 pro
351 3376 462 3439 civibus
477 3378 551 3448 suis,
567 3377 637 3438 viris
653 3375 827 3437 fortissumis
842 3377 930 3450 atque
943 3370 1084 3432 miserru-

107 3459 177 3531 mis,
192 3477 302 3542 poenas
317 3471 470 3543 caperent:
493 3468 647 3544 praeterea
662 3459 802 3542 praedam
816 3457 943 3537 benigne
959 3460 1091 3519 ostentat
