2422 3854
265 235 309 278 on
326 233 431 278 annuo
453 233 652 278 rvovnrrrmo
674 233 701 276 o.
714 224 757 279 tt.
780 225 824 279 47.
846 226 888 281 48.
1024 219 1067 280 di

90 382 247 463 praefectis
265 381 427 442 cohortium
442 379 657 458 dispertiverat,
680 389 714 442 ut
727 398 794 443 eum
809 381 851 441 eis
868 383 1004 460 permixti
1019 401 1066 445 ve·

90 467 164 536 lites,
182 480 368 545 quocumque
384 463 571 534 adoedemnt,
583 465 726 542 equitatus
747 465 873 525 bostium
913 465 1066 544 propulsa·

91 557 166 609 rent.
199 548 274 608 Nam
287 548 318 607 in
332 545 472 625 lupumba
489 553 587 607 tantus
608 547 695 608 dolus
711 554 849 627 tantaque
867 550 972 628 peritia
985 548 1090 610 loeo-tt

93 648 161 692 rum
179 629 338 692 et‘militiae
353 637 423 698 erat,
439 635 473 689 ut
487 628 593 689 absens
607 645 643 689 an
657 647 812 708 praesens,
834 647 938 709 paoem
952 649 990 692 an
1003 631 1066 693 bei·

70 712 155 775 ‘lum
178 728 283 792 gerens
320 712 505 790 pernitiosior
528 714 647 772 essetin
668 714 780 774 incerto
797 713 967 775 baberetur.

174 796 246 856 Erat
258 795 329 856 baut
342 794 430 871 longe
449 793 486 853 ab
505 811 539 854 eo
553 795 669 864 itinere,
693 812 751 874 qao
767 795 899 858 Metellus
914 796 1064 874 pergebat,
1075 792 1116 854 47

92 879 230 959 oppidum
246 877 453 946 Numidarum,
476 878 594 937 nomine
615 878 707 955 Vaga,
739 878 838 939 iorum
856 896 959 939 rerum
978 898 1066 941 rena·

90 961 161 1022 bum
171 962 260 1022 todus
269 962 354 1038 regni
363 977 500 1020 maxume
513 959 699 1030 celebratum,
707 961 758 1022 ubi
771 968 800 1022 et
809 960 938 1022 incolere
949 969 979 1022 et
988 979 1067 1023 mer-

92 1046 152 1104 eari
170 1050 380 1105 consueverant
393 1042 484 1103 ltalioi
501 1045 617 1120 generis
627 1043 711 1105 multi
725 1044 872 1105 mortales.
887 1044 952 1105 Huc
966 1043 1099 1114 consula

56 1126 176 1187 osmul
195 1126 355 1205 temptandi
375 1128 467 1203 gratia
488 1126 513 1185 si
534 1132 718 1203 paterentur,
738 1135 768 1189 et
788 1129 824 1188 ub
837 1129 1068 1208 opportunitates

90 1209 148 1270 ioei
161 1210 341 1287 praesidum
352 1210 495 1286 inposuit:
510 1210 1023 1290 praetereaimperavitirumentum
1038 1217 1069 1271 et

90 1290 146 1352 alia
168 1309 243 1369 quaa
263 1289 342 1350 bello
357 1292 423 1350 usui
436 1290 535 1350 forent
549 1299 738 1367 conpertam,
758 1300 853 1362 natus,
877 1293 906 1354 id
923 1293 1002 1372 quod
1018 1309 1069 1354 res

91 1373 239 1440 monebat,
256 1372 449 1451 frequentiam
477 1375 692 1448 negotiatorum
719 1381 748 1432 et
768 1381 924 1434 eonmeatu
954 1378 1069 1436 iuvatu-

91 1473 157 1516 ram
179 1456 340 1516 exercitum
360 1461 390 1515 et
407 1456 466 1515 iam
487 1456 595 1531 paratis
608 1454 698 1515 rebus
713 1458 894 1517 munimento
915 1456 989 1517 iore.

58 1555 83 1595 av
177 1537 255 1599 luter
282 1537 356 1599 haee
381 1539 498 1617 negotia
520 1536 659 1614 lupurtba
680 1539 830 1617 inpensius
849 1538 939 1599 modo
957 1538 1095 1617 legatosa

92 1619 231 1700 subpliois
252 1622 381 1690 mittere,
404 1638 507 1699 paoem
529 1637 631 1690 orare,
650 1628 768 1699 praeter
789 1637 872 1682 mam
892 1620 1068 1682 liberorum·

92 1722 149 1783 que
169 1705 256 1764 vitam
277 1705 373 1764 omnia
387 1702 503 1764 Metello
525 1703 640 1764 dedere.
677 1705 757 1775 Quos
776 1707 861 1774 item,
883 1706 926 1766 uti
943 1707 1094 1783 priorem

93 1786 196 1846 eonsul
210 1785 331 1846 inlectos
347 1786 384 1845 ad
397 1785 593 1864 proditionem
607 1786 726 1847 domum
741 1786 918 1856 dimittebat,
937 1789 1002 1863 regi
1016 1805 1068 1864 pa·

94 1884 160 1928 eam
181 1885 269 1946 quam
291 1867 457 1945 postulabat
479 1882 577 1945 neque
596 1866 729 1930 abnam
748 1883 844 1948 neque
866 1869 1013 1947 polliceri,
1040 1874 1069 1930 et

57 1953 170 2012 winter
190 1967 239 2012 aas
257 1964 355 2012 moras
376 1951 520 2029 promissa
537 1948 700 2026 legatorum
721 1958 886 2031 aspectare.
928 1948 1119 2028 lugurtbadd

92 2033 144 2095 ubi
162 2032 268 2095 Metelli
297 2035 374 2095 dieta
392 2052 470 2108 ¹eum
490 2034 574 2094 raetis
596 2035 749 2111 conposuit
768 2053 803 2095 ae
823 2050 856 2095 se
876 2035 937 2095 suis
957 2033 1069 2094 artibus

91 2118 228 2196 temptari
243 2119 372 2178 animum
390 2118 522 2187 advortit,
542 2117 649 2196 quippe
665 2118 712 2177 eui
728 2117 826 2178 verbis
843 2134 901 2195 pax
914 2116 1067 2178 nuntiaba-

92 2207 156 2269 tur,
178 2206 309 2260 aeterum
329 2199 493 2260 rebellum
514 2215 719 2277 asperrumum
742 2207 819 2269 erat,
841 2199 915 2260 urbs
931 2217 1068 2260 maxuma

92 2281 224 2351 alienata,
237 2297 307 2357 ager
321 2280 453 2341 hostibus
468 2283 610 2357 cognitus,
627 2283 714 2341 animi
724 2280 912 2358 popularium
924 2283 1066 2358 temptati,

57 2369 212 2426 asooaetus
224 2377 326 2424 rerum
346 2363 559 2424 nenessitudine
580 2364 678 2422 statuit
701 2365 790 2422 armis
811 2369 934 2422 eantare.
976 2362 1094 2440 igiturne

92 2445 244 2525 explorato
263 2446 390 2507 hostium
410 2446 514 2506 itinere
555 2446 585 2505 in
606 2461 688 2523 spem
708 2445 846 2505 victoriae
868 2443 1008 2504 adductans
1028 2463 1064 2505 ax

91 2531 311 2610 opportunitate
318 2527 385 2599 looi,
393 2546 481 2607 qnam
488 2532 744 2604 maxumaspotest
757 2528 855 2606 copias
869 2527 999 2587 omnium
1013 2543 1063 2602 pe·

92 2628 198 2672 nerum
226 2618 309 2690 parat
336 2629 371 2672 ac
396 2629 452 2690 per
473 2613 604 2672 tramites
626 2608 755 2670 oeeultue
777 2610 938 2671 exereitum
960 2607 1065 2669 Metelli

92 2696 245 2754 antevenit

57 2795 84 2838 so
177 2775 247 2834 Erat
261 2779 290 2835 in
306 2796 340 2838 aa
355 2787 437 2853 parte
448 2777 609 2846 Numidiae,
623 2793 710 2854 mam
723 2772 872 2835 Adherbal
887 2775 916 2834 in
930 2775 1093 2835 divisiones

93 2857 277 2938 possederat,
305 2857 414 2920 flumen
440 2863 536 2921 oriens
558 2857 729 2927 ameridie,
757 2861 876 2919 nomine
897 2857 1025 2927 llnthul,
1051 2877 1068 2918 a

94 2960 152 3019 quo
173 2940 276 3001 aberat
291 2957 376 3000 mons
390 2941 484 3004 terme
499 2944 577 3004 milia
593 2939 759 3022 [passuum]
774 2942 873 3017 viginti
884 2947 980 3003 tractu
993 2942 1066 3020 pari.

93 3032 190 3084 vastus
211 3023 248 3084 ab
269 3029 374 3084 natura
390 3031 420 3084 et
435 3024 563 3086 humano
579 3025 673 3087 oultu:
695 3030 740 3084 set
758 3041 794 3084 ex
816 3042 851 3085 eo
868 3026 964 3086 medio
976 3025 1068 3100 ,quasi

95 3106 175 3168 oollb
194 3106 356 3176 oriebatur,
379 3108 409 3167 in
425 3109 589 3169 inmensum
603 3107 787 3186 pertingens,
809 3108 927 3167 vestitus
944 3104 1068 3164 oleastro

59 3208 129 3251 veae
148 3192 281 3251 murtetis
295 3189 415 3269 aliisque
435 3191 593 3268 generibus
613 3190 769 3258 arborum,
792 3206 866 3267 quae
882 3187 964 3246 humi
985 3184 1067 3244 arido

95 3279 182 3351 atque
200 3273 345 3334 harenoso
366 3275 534 3351 gignuntur.
574 3273 667 3334 Media
684 3280 780 3334 autem
799 3269 932 3348 planities
955 3266 1095 3330 desertas

95 3357 234 3432 paenuria
249 3374 341 3435 aquae
361 3365 478 3436 praeter
492 3355 605 3417 ssumini
626 3356 791 3435 propinqua
808 3351 886 3411 loea:
908 3369 944 3413 ea
959 3352 1070 3412 consita

96 3437 220 3500 arbtrstis
234 3455 341 3517 peeore
357 3447 443 3519 atque
462 3439 622 3503 cultoribus
637 3434 905 3517 frequentabantur.

854 3535 915 3598 15.
