2422 3854
156 212 197 274 50
362 230 405 272 nn
422 228 526 273 nanno
546 227 747 273 rucrarnmo
770 227 798 271 o.
823 219 866 274 19.
881 218 927 271 20.

156 379 230 441 dInis
244 378 322 439 domi
335 377 510 439 minuendae
528 378 620 456 gratia
639 376 788 437 sollicitata
807 374 893 454 plebe
915 381 944 436 ot
966 372 1027 435 aliis
1044 388 1137 435 nora·

155 480 223 524 rum
236 479 336 523 rerum
354 460 452 531 avidis,
467 460 632 538 Hipponem
649 461 861 522 Hadrumetum
875 457 990 536 Leptim
1005 456 1138 538 abasque

154 544 238 607 urbIs
252 545 282 605 in
296 560 348 605 ora
362 545 517 604 marituma
529 543 695 614 condidere,
710 560 820 621 eaeque
831 542 913 604 brevi
929 539 1054 602 multum
1064 558 1136 602 auc·

127 636 200 690 atae
221 645 290 707 pars
304 627 465 707 originibus
480 628 540 688 suis
553 627 713 706 praesidio,
736 626 808 688 aliae
821 626 921 687 decori
934 624 1027 686 fuere.
1060 624 1136 685 Nam

155 712 192 773 de
214 709 387 788 Cartbagine
405 710 491 774 sllere
504 710 609 773 melius
629 717 700 790 puto
712 728 800 790 quam
814 727 921 788 parum
932 709 1039 778 dicere,
1059 724 1159 786 quo-s

154 795 232 855 niam
254 795 312 855 alio
332 811 494 873 properare
514 802 630 874 tempus
645 802 753 856 monet.

124 887 142 938 a
237 878 328 956 Igitur
345 878 381 939 ad
397 877 622 948 Catabathmon,
639 881 688 958 qui
709 879 791 941 locus
806 877 968 955 Aegyptum
983 874 1020 936 ab
1035 874 1134 937 Africa

154 961 261 1031 diuidit,
277 961 407 1022 secundo
422 963 497 1022 mari
512 963 607 1041 prIma
623 962 737 1023 Curene
756 968 813 1031 est,
832 959 945 1021 colonia
967 959 1132 1028 Theraeoa,

153 1062 188 1106 ac
206 1045 343 1123 deinceps
357 1044 432 1104 duae
450 1044 566 1123 Syrtes,
586 1046 721 1124 interque
739 1061 788 1106 eas
807 1043 921 1121 Leptis,
944 1043 1048 1104 deinde
1063 1041 1133 1102 Phi-

153 1126 259 1188 laenon
278 1144 362 1196 arae,
386 1144 474 1205 quem
494 1125 593 1188 locum
612 1128 774 1207 Aegyptum
800 1144 904 1188 uorsus
928 1127 1017 1188 linem
1025 1126 1134 1203 imperi
1144 1143 1170 1184 ro

126 1210 284 1270 ababuere
299 1208 559 1286 Carthaginienses,
578 1218 645 1288 post
660 1211 731 1272 aliae
749 1211 876 1272 Punicae
896 1209 995 1272 urbes.
1029 1208 1134 1271 Cetera

152 1293 216 1354 loca
237 1309 332 1371 usque
353 1293 389 1353 ad
404 1292 613 1356 Mauretaniam
629 1294 771 1356 Numidae
786 1301 895 1361 tenent,
924 1293 1060 1373 proxumi
1081 1292 1132 1352 lli·

126 1376 253 1456 5spania
275 1375 369 1436 Mami
390 1381 466 1436 sunt.
510 1376 605 1454 Super
623 1377 787 1439 Numidiam
807 1376 945 1440 Gaetulos
965 1377 1133 1455 accepimus

124 1461 257 1539 opertim
276 1460 306 1520 in
326 1460 451 1538 tuganIs
490 1460 561 1521 alios
581 1460 717 1522 incultius
738 1478 827 1538 vagos
848 1462 972 1537 agitare,
995 1466 1062 1538 post
1080 1475 1131 1520 eos

128 1543 309 1621 thetbiopas
324 1559 401 1613 esse,
419 1542 525 1604 debinc
540 1544 605 1605 loca
627 1552 727 1606 exusta
748 1544 816 1605 solis
836 1543 1000 1605 ardoribus.
1038 1543 1168 1619 Igitnras

151 1626 229 1687 bello
251 1625 424 1702 Iugurthino
444 1625 585 1706 pleraque
605 1647 642 1690 er
663 1629 780 1690 Punicis
800 1627 905 1706 oppida
926 1632 955 1687 et
974 1626 1040 1686 linis
1060 1625 1132 1687 (lar-

151 1709 385 1787 thaginiensium,
399 1726 473 1788 quos
482 1712 648 1773 novissume
658 1708 830 1780 habuerant,
843 1709 969 1788 populus
979 1708 1134 1770 Romanus

151 1810 205 1871 per
226 1793 412 1871 magistratus
433 1793 660 1865 administrabat,
683 1792 873 1857 Gaetulorum
890 1809 996 1872 magna
1017 1809 1087 1870 pars
1102 1800 1133 1854 et

150 1875 293 1937 Numidae
313 1893 407 1955 usque
430 1877 465 1938 ad
485 1877 594 1938 llumen
606 1874 791 1938 Muluccham
802 1875 857 1938 snb
872 1875 1014 1954 Iugurtha
1035 1883 1130 1945 erant,

150 1958 259 2021 Mauris
281 1959 416 2021 omnibus
436 1978 489 2022 rex
510 1960 645 2022 bocchus
659 1957 855 2038 imperitabat,
884 1965 1165 2038 praeteruehens

152 2051 249 2104 cetera
269 2045 389 2121 ignarus
411 2043 512 2123 populi
533 2045 656 2104 Romani
681 2045 809 2122 itemque
829 2041 915 2103 nobis
934 2060 1030 2123 neque
1051 2042 1130 2105 bello

91 2122 98 2137 ’
124 2140 247 2205 sueque
272 2144 345 2205 pace
369 2133 453 2189 antea
476 2129 617 2205 cognitus.
657 2126 700 2186 lle
721 2126 819 2188 Africa
838 2133 867 2188 et
888 2129 950 2189 eins
970 2125 1072 2188 incolis
1092 2127 1131 2188 ad

151 2210 394 2271 necessitudinem
418 2212 463 2272 rei
483 2212 552 2272 satis
574 2210 690 2272 dictum.

98 2299 140 2361 20
233 2293 390 2374 Postquam
410 2295 500 2356 diviso
522 2310 615 2372 regno
636 2293 723 2371 legati
742 2294 840 2356 Africa
858 2295 1011 2356 decessere
1030 2299 1058 2355 et
1080 2292 1129 2354 Iu·

151 2377 255 2456 gurtha
271 2384 374 2439 contra
384 2380 520 2439 timorem
533 2379 621 2438 animi
634 2380 763 2457 praemia
779 2378 896 2440 sceleris
912 2379 1050 2456 adeptum
1063 2393 1128 2439 sese
1138 2392 1163 2434 as

149 2461 235 2531 videt,
259 2469 372 2523 certum
388 2479 452 2523 esse
471 2467 561 2532 ratus,
585 2462 662 2541 quod
685 2480 720 2523 ex
736 2463 836 2523 amicIs
851 2463 927 2539 apud
943 2461 1128 2522 Numantiam

150 2552 312 2624 acceperat,
335 2546 433 2604 omnia
446 2544 557 2606 Romae
571 2545 683 2606 venalia
698 2563 771 2614 esse,
789 2545 875 2604 simul
890 2551 919 2604 et
933 2543 1049 2605 illorum
1063 2543 1128 2622 pol·

148 2627 356 2689 IIcitationIhus¹
369 2627 521 2696 adsensus,
537 2645 611 2704 quos
625 2627 712 2704 paulo
728 2634 794 2687 ante
807 2627 979 2688 muneribus
993 2628 1127 2706 expleve-

123 2716 208 2779 2rat,
230 2712 260 2769 in
274 2727 399 2787 regnum
412 2708 585 2770 Adherbalis
598 2710 728 2770 anImum
739 2709 870 2770 intendit.
902 2710 968 2789 Ipse
983 2729 1050 2772 acer
1064 2711 1127 2772 bel·

148 2792 265 2861 licosus,
279 2799 307 2850 at
321 2794 355 2861 is,
368 2810 455 2870 quem
466 2791 592 2870 petebat,
604 2792 719 2870 quletus
729 2791 853 2863 inbellis,
870 2793 984 2872 placido
999 2796 1126 2872 ingenio,
1136 2811 1163 2857 ao

121 2890 138 2941 3
150 2879 334 2951 opportunus
339 2875 473 2945 lnIuriae,
481 2880 614 2936 metuens
627 2877 719 2953 magle
730 2895 817 2955 quarn
829 2879 1011 2940 metuendus.
1034 2877 1127 2954 Igitur
1183 2886 1186 2891 '

148 2975 183 3016 ex
195 2957 341 3031 inproviso
355 2957 420 3016 hnls
432 2958 494 3018 elus
506 2975 573 3019 curn
585 2976 690 3037 magna
700 2977 789 3022 manu
800 2962 915 3032 invadit,
928 2959 1033 3022 multos
1045 2977 1127 3020 mor-

147 3038 212 3100 talis
227 3056 293 3099 curn
308 3056 415 3116 pecore
431 3048 518 3119 atque
532 3042 585 3101 alia
601 3044 709 3119 praeda
732 3047 821 3123 capit,
845 3044 973 3106 aediticIa
986 3043 1125 3114 incendit,

117 3122 287 3201 apleraque
303 3122 368 3184 loca
382 3123 524 3185 hostiliter
546 3143 612 3186 cum
635 3129 764 3206 equitatu
786 3128 907 3198 adcedit,
930 3127 1034 3188 deiude
1057 3146 1124 3189 cum

148 3209 228 3267 omni
249 3207 433 3268 multitudine
455 3209 485 3268 in
504 3227 629 3287 regnum
650 3228 735 3273 suum
762 3212 917 3279 convomit,
947 3211 1159 3272 existumansas

147 3289 342 3351 Adherbalem
361 3291 461 3353 dolore
482 3300 649 3370 permotum
670 3297 789 3357 iniurias
803 3312 870 3357 suas
891 3311 979 3354 manu
997 3294 1124 3355 vindica·

117 3379 246 3438 sturum
262 3392 385 3455 eamque
399 3394 463 3437 rem
477 3375 546 3438 belli
561 3396 693 3440 caussam
706 3381 779 3441 lore.
810 3378 847 3439 nt
861 3378 917 3447 ille,
935 3377 1013 3455 quod
1026 3396 1124 3457 neque

133 3472 174 3513 se
178 3473 291 3532 parem
305 3461 397 3522 armis
412 3461 605 3526 existumabat
619 3469 649 3524 et
662 3464 785 3526 amicitia
807 3462 907 3544 populi
922 3462 1045 3525 Romani
1061 3482 1122 3524 ma·
