2422 3854
80 217 135 263 xlv
479 212 666 258 insensum.

77 330 171 398 refingi
187 345 266 396 posse
283 329 402 379 arbitror:
420 353 453 365 -
469 344 530 387 sucu,
547 329 632 392 pretio
651 325 734 392 [uncis
747 327 796 376 hoc
812 329 915 379 inclusit
926 327 960 396 1.]
980 334 1066 385 soluto

80 404 135 452 iure
153 400 274 454 dominus,
292 405 375 447 tumeo
390 397 507 446 restituo.
525 396 617 445 -10,
640 395 705 454 Per,
729 394 799 456 quod
821 404 896 445 antee
917 397 1069 450 addundum

79 481 136 518 esse
157 466 302 529 suspicatus
325 476 406 524 eram,
433 475 500 511 nune
521 461 616 520 delevi,
645 475 703 508 cum
725 460 881 510 tolerabilem
903 466 1069 528 sententiam,

81 542 183 598 recepto
202 546 235 580 ex
249 530 392 579 coniectura
403 536 503 593 captum
513 529 552 578 ire
564 526 630 576 cilici
642 528 784 579 arbitrarer.
795 553 827 564 -
844 530 886 579 21.
904 528 990 582 Scirto
1002 546 1024 582 c.
1034 530 1069 598 1.]

81 601 180 652 Scirro.
198 625 231 634 —
259 599 301 647 24.
320 597 454 659 labefactis
471 611 493 644 c.
506 592 536 658 L]
552 595 699 658 patefactio.

146 663 199 718 Or·
211 660 295 716 Phil.
312 665 338 714 4.
356 663 387 713 ob
399 663 532 724 benefacta
543 675 565 711 c.
579 658 610 726 L]
631 662 661 712 ob
673 662 801 725 benefacti
812 659 909 713 *****.
921 690 955 700 —
967 667 992 714 7.
1007 671 1066 726 tunt,

79 748 126 799 pro
144 746 194 795 quo
211 731 231 781 1.
249 745 307 781 cum
324 730 419 779 liritnio
437 737 496 779 tuuc
513 729 624 793 scripsit,
642 727 744 778 defendi
761 743 849 794 posse,
867 740 906 779 set
917 731 996 780 multo
1009 747 1066 782 me-

79 803 120 866 gia
138 816 188 850 nnn
205 813 262 848 cum
281 795 366 849 Contio
382 796 548 846 inserundum
560 811 617 845 csse
629 797 767 845 etiamnum
779 796 895 846 arbitror.
913 822 945 832 —
962 800 987 848 9.
1008 815 1067 859 neu,

80 880 234 930 quamquam
252 864 277 914 V
294 880 325 915 ne
347 864 464 923 exhibet,
487 864 571 928 magis
593 861 656 912 mihi
678 862 782 928 placuit.
809 888 843 899 -
869 865 909 912 12.
934 863 1008 922 Quod
1032 867 1067 916 ob

82 933 166 983 locum
184 931 372 992 Demosthenis,
399 945 474 992 quem
491 929 612 979 Sallustio
631 930 663 978 ob
682 929 769 980 oculos
787 940 916 979 vorsatum
938 946 996 981 esse
1013 933 1071 984 lnee

83 1003 175 1051 clarius
193 1010 240 1061 est,
259 999 319 1049 olim
337 999 433 1048 conieci
450 1001 583 1054 intuentes,
609 997 636 1045 id
647 995 746 1045 Halmio
764 1009 881 1046 monente
898 1013 966 1047 nuno
981 999 1071 1051 eddito
1107 1001 1110 1007 '

84 1075 157 1119 tanto
174 1066 344 1133 subpiendum
361 1066 458 1130 putavi.
480 1089 514 1115 -.
536 1065 577 1114 lt.
595 1060 756 1128 mehercules]
783 1065 920 1115 mehercule
937 1065 957 1115 1.
975 1069 1070 1133 -1a‚

87 1130 211 1201 obrepsit]
231 1134 251 1183 l.
271 1148 303 1182 ex
320 1132 344 1180 V
362 1132 496 1196 obpressit.
513 1155 547 1168 ·-
565 1132 607 1181 21.
625 1129 720 1194 costra]
738 1131 864 1184 mostrol.

150 1198 203 1253 01⁸·
222 1197 303 1253 coit.
331 1200 357 1249 9.
380 1199 487 1262 Inpenio
510 1200 627 1261 coeperit
648 1211 699 1259 quo
723 1199 799 1248 modo
826 1198 886 1248 terri
907 1202 992 1265 possit
1017 1215 1072 1252 uon

83 1269 168 1318 video.
205 1267 302 1316 Memor
319 1265 368 1315 loci
386 1266 524 1329 1ug.1t,o
542 1279 609 1314 nunc
626 1267 697 1315 senio
715 1265 825 1314 scribere
842 1280 920 1316 ausus
939 1281 1006 1319 sum.

148 1332 205 1400 Ep·
223 1331 329 1398 Pomp·
352 1334 377 1383 2.
398 1333 487 1383 lecim
504 1327 573 1398 c.1.]
597 1333 644 1382 leuc
664 1333 700 1386 iu.
724 1357 757 1368 -
782 1335 807 1384 3.
826 1332 985 1384 Iacetanium
1008 1350 1029 1384 o.
1049 1335 1069 1386 1.

83 1401 222 1454 secundnm
240 1401 353 1451 Hdbneri
370 1401 571 1449 emendationem
589 1399 684 1460 (Herm.
698 1398 747 1449 111
765 1414 792 1464 p.
806 1401 856 1451 3315
866 1397 933 1465 sq.)]
960 1403 1073 1452 Laceta-

49 1501 51 1504 .
82 1472 154 1520 oium.
173 1495 208 1506 ·-
225 1471 249 1520 9.
267 1464 329 1533 quo]
349 1483 413 1532 quoe
430 1468 449 1520 l.

149 1533 202 1589 Or·
219 1531 315 1588 Maur.
342 1537 366 1584 t.
385 1533 550 1597 Participium
573 1548 660 1596 pass„
687 1533 720 1581 ad
742 1533 811 1595 quod
835 1533 963 1583 referundi
984 1547 1075 1586 essent

83 1602 196 1661 ablativi,
214 1609 281 1650 recte
299 1601 389 1650 abesse
405 1599 468 1648 mihi
487 1599 599 1648 nondum
617 1613 777 1663 persuasum.
795 1624 829 1635 -
851 1599 1072 1664 Emendationem,

83 1684 160 1732 quam
172 1668 259 1730 bilihly
277 1667 423 1731 proposuit,
441 1667 525 1716 iacent
542 1665 644 1729 retinui,
663 1680 709 1714 neo
720 1666 803 1715 minus
822 1667 847 1716 8.
865 1669 964 1719 scilicet
979 1683 1027 1733 pru
1045 1677 1075 1722 et

84 1745 213 1794 novatum,
232 1744 310 1795 atque
328 1734 358 1781 ll
377 1735 403 1781 in
416 1747 459 1783 occ
475 1734 561 1798 proin
576 1731 699 1782 110111.-
718 1734 758 1782 14.
778 1735 937 1784 omittundum
950 1735 1073 1786 Arusisni

83 1797 244 1866 auctoritate]
264 1800 424 1851 omittundum
440 1799 459 1849 1.
478 1825 510 1835 —
537 1799 576 1849 16.
595 1806 644 1848 tum
667 1799 761 1850 omisso
786 1802 871 1850 omnia
892 1812 959 1851 recte
981 1803 1073 1854 tuitunt

85 1885 142 1920 esse
159 1868 282 1918 Kritzium
301 1880 352 1917 non
369 1876 421 1915 tam
438 1865 512 1916 facile
528 1867 674 1924 concedam,
693 1882 769 1929 qnam
786 1871 903 1931 patriciis
920 1869 951 1918 ab
963 1869 1072 1919 Momm«

85 1951 147 1986 seno
166 1934 298 1984 defensum
310 1933 481 1983 reducendum
492 1933 581 1983 inisse.
593 1959 626 1969 -·
645 1935 684 1984 17.
700 1936 810 1997 cupiatis
822 1949 844 1983 e.
859 1931 889 2000 l.]
911 1938 1028 2000 capiatis.
1038 1961 1074 1974 ··-

85 2005 128 2056 23.
145 2005 319 2053 restituendae
337 2001 427 2049 abesse
444 2015 523 2064 posse
540 1999 602 2049 mihi
620 2000 732 2048 nondum
750 2015 911 2065 persuasum.

153 2066 209 2132 Ep.
223 2065 330 2118 mttnr.
351 2069 390 2117 1³.
410 2070 484 2130 coepi
500 2061 570 2132 c.1.]
590 2067 655 2129 cepi.
666 2092 698 2103 -
718 2069 757 2117 14.
775 2069 804 2116 ln
822 2082 852 2116 ea
869 2070 994 2119 sententia
1011 2084 1071 2135 per-

87 2135 165 2194 sisto,
196 2143 224 2182 ut
245 2133 461 2199 praepositionem
484 2135 555 2197 apud
575 2134 713 2182 secundum
736 2143 895 2184 constantem
917 2137 1073 2201 scriptorum

88 2215 172 2261 nsum,
191 2200 241 2249 nisi
259 2201 316 2260 quis
335 2197 484 2248 Sallustium
506 2215 547 2250 res
569 2214 659 2264 parum
682 2202 798 2266 cognitus
821 2202 941 2252 habuisse
962 2212 1073 2254 statuere

87 2266 168 2330 malit,
186 2267 352 2333 repetundum
369 2265 450 2315 inisse
467 2267 581 2316 arbitrer.
605 2293 636 2302 -
665 2269 705 2317 16.
728 2268 766 2317 Ab
784 2284 863 2332 paruo
882 2270 969 2321 labore
991 2284 1073 2320 uncos

88 2336 193 2384 removi.
217 2358 250 2370 -
273 2335 313 2384 tt.
336 2331 492 2400 siparium]
520 2341 621 2398 ruptum
642 2349 664 2384 o.
683 2333 764 2387 ciacc.
781 2336 801 2386 1.
845 2335 909 2385 Tum
932 2353 985 2387 cum
1002 2339 1074 2399 qnod

20 2424 25 2435 ·
88 2401 252 2452 adiciundum
269 2416 430 2463 censueram,
458 2417 559 2451 rursum
577 2402 669 2462 delevi,
696 2413 736 2454 set
757 2419 803 2468 pro
818 2411 892 2468 pecte
910 2404 1073 2456 scribendum

88 2483 146 2522 esec
160 2472 230 2535 pesti
245 2471 360 2521 conicere
377 2483 428 2521 non
446 2471 540 2520 veritus
557 2483 623 2520 sum.
