2422 3854
128 182 169 244 56
333 202 379 244 su
396 200 500 245 sueno
522 198 722 245 rvsvsrnnro
748 200 775 243 c.
795 192 840 248 so.
861 191 904 248 sl.

101 367 144 420 se
160 367 230 412 sero
245 349 383 427 beneque
397 346 572 425 inpediebat
592 349 629 408 lt
643 347 678 408 G.
694 347 858 417 llemmius,
872 348 953 410 cuius
968 346 1004 410 de
1019 346 1111 410 iiber·

127 440 187 495 tete
201 432 300 510 ingeni
318 438 347 493 et
361 431 428 491 odio
442 433 589 508 potentiue
602 430 761 492 nobilitatis
778 448 868 509 supra
883 430 1017 498 diximus,
1032 432 1112 493 inter

129 517 339 578 dubitationem
364 520 393 574 et
406 530 505 575 mores
514 521 633 576 senatus
644 514 829 577 cordonibus
843 514 986 596 populum
997 514 1033 575 ud
1046 517 1110 576 uin·

128 600 283 661 dicandum
296 598 424 668 hortari,
447 614 570 660 monere
581 615 620 659 ne
632 614 698 659 rem
709 597 870 677 publicem,
890 614 929 659 ue
943 597 1111 660 libertatem

128 701 212 745 suam
233 683 418 752 desererent,
442 679 534 742 mults
547 681 676 760 superba
689 688 720 743 et
733 678 863 743 crudelia
877 681 1007 742 facinore
1021 681 1132 744 nobi-s

128 766 215 827 litatis
236 765 405 827 ostendere:
426 782 550 844 prorsus
572 766 702 827 mtentus
723 766 802 826 omni
822 765 910 825 modo
931 763 1026 843 plebis
1047 766 1110 826 eni-

128 867 209 910 mum
229 848 414 910 incendebat.
735 862 736 867 ¹

101 954 119 1002 4
213 935 264 995 Set
287 933 424 1012 quonium
452 949 487 994 ee
512 938 683 1010 tempestate
708 930 819 993 Romae
835 931 954 993 Memmi
974 930 1110 993 fecundis

128 1015 207 1078 clera
222 1015 393 1095 pellensque
408 1014 471 1084 luit,
488 1015 593 1077 decere
608 1016 786 1085 existumavi,
803 1029 893 1076 unam
910 1030 947 1076 ex
959 1021 1021 1075 tom
1033 1014 1110 1076 mul·

127 1102 164 1160 tis
183 1100 346 1161 orationem
368 1100 431 1159 eius
451 1097 653 1175 perscribere,
677 1116 712 1158 ac
731 1099 926 1175 potissumum
947 1114 982 1159 ee
1003 1097 1107 1168 dicum,
1119 1121 1146 1164 ιο

129 1201 205 1261 qnae
222 1183 253 1242 iu
275 1183 411 1242 cendone
432 1187 499 1259 post
511 1181 639 1243 reditum
658 1181 774 1243 Bestiae
793 1181 994 1243 huiuscemodi
1011 1181 1111 1242 verbis

129 1266 281 1326 dissentit:

77 1355 115 1417 31
214 1347 313 1408 ‘Mults
333 1363 382 1408 me
402 1345 598 1408 dehortentur
617 1365 634 1408 e
656 1345 751 1416 vobis,
772 1347 913 1419 Quirites,
931 1349 962 1408 ni
981 1347 1110 1410 studium

128 1433 173 1494 rei
186 1430 321 1510 publicae
336 1432 433 1491 omnis
449 1437 582 1510 superet:
598 1447 671 1510 opes
685 1432 828 1500 fectionis,
849 1437 947 1492 vostre
960 1432 1109 1509 patientie,

128 1518 174 1578 ius
183 1514 308 1584 nullum,
319 1531 500 1576 acmemme
511 1516 590 1592 quod
599 1515 783 1576 innocentiae
800 1513 868 1591 plus
882 1513 1005 1591 periculi
1021 1532 1110 1594 quam
1120 1538 1146 1580 ss

102 1599 250 1667 cheneris
268 1604 321 1659 est.
340 1597 415 1659 Nem
429 1597 477 1658 ille
493 1596 611 1676 quidem
626 1600 706 1675 piget
721 1598 835 1666 dicem,
859 1596 905 1656 liis
924 1598 1010 1657 suuis
1024 1599 1110 1676 quin-

129 1684 224 1744 decim
249 1698 339 1758 qusm
359 1679 486 1741 ludibrio
508 1680 621 1742 fueritis
642 1680 798 1760 superbiae
815 1695 993 1757 prucorum,
1020 1697 1111 1758 mem

128 1764 214 1826 foede
236 1780 383 1843 quemque
402 1760 486 1824 inulti
507 1766 651 1843 perierint
665 1766 753 1826 rostri
771 1763 951 1832 defensores,
973 1769 1008 1824 ut
1026 1763 1111 1823 vobis

68 1882 70 1887 v
103 1850 243 1913 serimus
254 1847 291 1908 eb
303 1848 510 1926 igneriaatque
524 1847 660 1910 socordia
673 1855 835 1926 corruptus
849 1848 899 1918 sit,
915 1848 967 1926 qui
978 1863 1017 1908 ue
1030 1862 1112 1908 nuuc

128 1932 246 2011 quidem
258 1931 392 1992 obnoxiis
406 1932 530 1992 inimicis
545 1933 694 2009 exurgitis,
710 1939 797 2009 etque
811 1932 898 1992 etiem
910 1947 990 1991 nunc
1004 1931 1111 1992 timetis
1120 1953 1148 1996 ιο

101 2033 189 2085 sees,
213 2014 319 2093 quibus
341 2014 427 2076 decet
446 2017 555 2076 terreri
574 2033 648 2076 esse.
680 2015 730 2076 Set
752 2030 930 2092 quemquem
947 2013 1022 2076 baec
1042 2014 1110 2074 talia

127 2105 204 2168 suut,
226 2104 325 2159 temen
340 2097 455 2158 obviem
476 2101 521 2160 ire
538 2097 673 2169 lectionis
689 2099 839 2175 potentiae
853 2099 967 2159 rubrius
989 2098 1109 2174 subigit.

101 2181 213 2242 sGerte
236 2195 291 2256 ego
305 2180 484 2253 bbertutem,
508 2199 583 2260 ques
602 2181 674 2242 mibi
687 2197 704 2241 e
718 2187 841 2259 parente
853 2199 921 2243 meo
935 2182 1040 2243 tradite
1056 2189 1109 2251 est,

128 2265 277 2343 experior:
300 2283 403 2326 rerum
424 2266 455 2325 id
477 2266 586 2326 frustra
608 2282 646 2326 an
669 2263 707 2325 ob
728 2281 794 2326 rem
815 2265 937 2333 luciam,
960 2266 991 2324 in
1012 2272 1110 2325 vostre

128 2365 217 2409 manu
231 2349 318 2409 situm
339 2355 391 2418 est,
412 2348 549 2420 Quirites.
1118 2370 1147 2412 rs

99 2437 116 2489 s
210 2430 312 2511 Neque
323 2447 379 2508 ege
389 2448 441 2492 ros
451 2431 565 2500 hortor,
573 2432 653 2510 quod
664 2449 752 2510 saepe
762 2433 889 2493 maiores
900 2433 990 2492 vostri
1001 2431 1109 2502 iecere,

126 2516 168 2575 uti
186 2520 288 2575 conus
309 2516 430 2575 iniurias
451 2516 556 2575 armati
571 2518 654 2576 eutis.
696 2515 773 2576 Nihil
785 2515 828 2584 ri,
851 2513 923 2574 nihil
943 2516 1110 2576 secessione

128 2615 201 2676 opus
223 2606 282 2660 est:
309 2614 432 2659 necesse
452 2604 497 2658 est
517 2606 635 2658 suomet
653 2600 709 2677 ipsi
730 2615 813 2658 more
834 2598 1010 2676 praecipites
1032 2605 1108 2659 eunt.

99 2679 232 2741 tOcciso
253 2680 372 2742 Tiberio
388 2679 530 2750 Graccho,
553 2698 642 2760 quem
663 2697 788 2758 regnum
809 2696 915 2758 perere
932 2681 1056 2751 aiebant,
1079 2683 1110 2742 in

126 2761 245 2840 plebem
258 2763 420 2824 Remenem
436 2764 620 2844 quaestiones
631 2763 747 2825 habitae
757 2770 841 2824 sunt:
857 2772 924 2843 post
934 2765 969 2826 G.
982 2765 1109 2827 Gracchi
1119 2785 1147 2828 ee

127 2851 157 2905 et
176 2844 214 2905 ll.
232 2845 317 2906 Fulvi
343 2847 462 2908 caedem
487 2849 557 2908 item
574 2848 666 2908 vostri
682 2847 792 2908 ordinis
814 2847 898 2910 multi
919 2847 1057 2911 mortales
1078 2850 1109 2906 in

128 2945 248 2989 carcere
261 2931 357 2989 necati
371 2937 453 2990 sunt:
469 2932 622 3010 utriusque
637 2929 726 2992 cledis
741 2949 801 2992 uon
814 2931 872 2994 lex.
891 2950 994 2995 verum
1007 2929 1109 2990 lubido

99 3021 232 3073 ssorum
253 3011 342 3071 finem
364 3013 442 3074 ieoit.
474 3014 525 3074 Set
538 3032 609 3075 sene
626 3014 713 3076 luerit
728 3018 817 3094 regni
828 3018 940 3094 paratio
955 3012 1035 3092 plebi
1055 3030 1109 3074 sua

126 3097 295 3158 restituere:
319 3095 459 3175 quidquid
478 3098 541 3158 sine
556 3099 695 3177 sanguise
708 3100 823 3163 civium
835 3097 945 3160 ’idcisci
958 3098 1106 3174 sepitur,

101 3180 190 3243 uiure
212 3182 320 3241 lectum
342 3181 387 3240 sit.
433 3179 641 3258 Superioribus
661 3184 748 3245 anuis
774 3182 852 3243 teciti
878 3178 1143 3257 indignabamiuiu

127 3265 273 3326 aerarium
289 3262 419 3343 expilari,
438 3279 524 3342 reges
539 3272 568 3326 et
583 3266 708 3344 pupulos
723 3265 833 3326 liberos
845 3265 946 3342 paucis
960 3262 1108 3324 nobilibus

129 3347 249 3423 vectigal
264 3348 404 3425 pendere,
421 3365 513 3427 penes
527 3350 643 3410 eosdem
660 3356 690 3410 et
704 3365 848 3410 summum
863 3345 987 3424 glorium
1002 3353 1031 3408 et
1046 3364 1109 3407 me·

121 3445 230 3488 sumes
244 3430 355 3492 diritius
370 3449 449 3494 esse:
464 3440 561 3495 temen
574 3433 648 3494 beec
657 3431 725 3494 teliu
739 3431 866 3493 facinore
885 3432 995 3510 inpune
1009 3447 1110 3492 susce-
