2422 3854
334 212 379 256 nn
399 210 504 256 snuno
526 208 704 257 mensurno
726 213 753 256 o.
774 205 818 260 ut.
1026 201 1067 262 57

86 361 164 439 pisse
174 375 281 437 parum
292 357 432 428 habuere,
446 360 543 439 itaque
557 366 706 439 postremo
720 361 801 440 leges
815 364 949 424 maiestas
960 373 1066 438 vostre,

88 444 182 505 diuma
203 450 232 505 et
249 443 376 504 bumana
391 445 487 504 omnia
504 443 638 505 hostibus
653 446 758 507 uadita
773 452 850 508 sunt.
884 445 986 527 Neque
1005 467 1065 522 eos,
1077 452 1111 504 lo

88 528 138 606 qui
149 544 184 589 ea
198 526 305 597 iecere,
316 525 408 604 pudet
420 533 470 587 aut
479 529 616 606 paenitet,
630 535 675 590 set
687 530 889 608 inceduntper
903 548 955 593 ora
970 533 1067 595 rostra

87 610 250 688 magnifici,
275 610 439 689 sacerdotia
462 616 491 672 ot
514 608 693 683 consulatus,
721 628 791 691 pars
811 615 976 693 triumphos
998 633 1068 678 suos

64 700 279 755 sustentantes:
295 693 420 772 proinde
437 695 520 773 quasi
535 711 569 754 ea
582 693 698 766 honori,
717 713 777 756 non
792 699 917 776 praedas
930 697 1067 762 habeant.

89 776 172 838 Serui·
184 790 253 838 aere
266 778 361 855 parati
371 777 477 838 iniusta
483 778 607 856 imperia
618 779 804 841 dominorum
821 798 881 841 uon
897 783 1066 860 perferunt·
1077 787 1109 839 11

87 877 151 930 vos,
168 860 308 933 Quirites,
317 863 351 922 ln
361 860 488 940 imperio
498 863 572 931 nati,
590 878 685 941 aequo
700 864 798 924 animo
812 866 981 926 servitutem
996 865 1068 928 tole·

86 944 175 1006 ratisl

173 1028 210 1088 at
221 1029 271 1109 qni
285 1033 353 1090 sunt
368 1027 460 1106 etqui
473 1044 538 1089 rem
552 1027 700 1107 publicam
709 1031 909 1108 occupaverat
927 1031 1067 1094 Homines
1079 1040 1112 1091 lt

52 1131 79 1174 ro
87 1112 322 1183 sceleratissumi,
337 1112 465 1173 cruentis
478 1111 630 1181 manibus,
656 1114 766 1175 inmani
779 1115 907 1186 avaritia,
920 1117 1068 1177 nocentis·

87 1198 163 1259 sumi
175 1202 204 1258 et
214 1196 310 1259 eidem
323 1195 548 1274 superbissumi,
572 1197 678 1275 quibus
693 1197 765 1261 tides
777 1198 867 1260 decus
882 1199 1068 1278 pietaspost·

87 1298 170 1342 remo
191 1279 316 1341 honesta
337 1288 423 1356 atque
441 1278 595 1340 inhonesta
613 1282 710 1340 omnia
725 1284 859 1359 quaestui
877 1288 954 1342 sunt.
996 1282 1112 1343 Porslt

88 1380 193 1425 eorum
214 1362 355 1423 occidisse
375 1359 511 1421 tribunus
527 1361 639 1440 plebel,
663 1363 710 1423 alii
732 1365 917 1440 quaestiones
938 1366 1068 1436 iniustas,

47 1463 48 1466 ’
87 1445 221 1525 plerique
241 1444 360 1506 caedem
375 1444 406 1504 in
419 1460 471 1503 vus
488 1445 593 1505 iecisse
607 1463 662 1524 pro
676 1447 858 1507 munimento
875 1446 993 1507 habent.
1026 1449 1069 1509 lta
1079 1460 1112 1510 14

54 1547 78 1589 n
88 1548 176 1610 qnam
191 1530 314 1610 quisque
326 1544 463 1606 pessume
477 1527 554 1597 fecit,
567 1534 626 1589 tam
637 1545 774 1590 maxume
787 1535 866 1591 tutus
884 1537 943 1591 est:
958 1537 1069 1592 metum

88 1614 125 1676 ab
139 1612 251 1676 scelere
263 1629 317 1674 suo
332 1611 369 1673 ad
385 1612 529 1690 ignaviam
542 1619 671 1674 rostram
685 1611 876 1675 transtulere:
890 1630 964 1693 quos
975 1617 1069 1676 omnis

89 1697 191 1760 eadem
218 1712 342 1775 cupere,
365 1696 468 1757 eodem
497 1695 592 1757 odisse
614 1695 731 1777 [eadem
757 1695 905 1779 metuere]
927 1699 1069 1760 inunum

89 1782 193 1858 coegit.
216 1779 267 1840 Set
279 1779 353 1840 haec
366 1781 442 1840 inter
457 1778 552 1839 bonos
568 1781 701 1849 amicitia,
717 1780 794 1841 inter
804 1780 897 1841 malos
914 1781 1001 1842 factio
1013 1789 1065 1843 est.
1080 1790 1112 1841 to

90 1864 174 1936 Quod
203 1863 228 1923 si
247 1868 308 1924 tam
327 1878 379 1923 ros
394 1862 539 1925 libertatis
561 1879 662 1924 curam
682 1863 839 1932 haberetis,
864 1882 952 1943 quarn
973 1864 1015 1924 illi
1033 1866 1069 1925 ad
1080 1872 1112 1926 lu

54 1947 318 2011 ndominatiunem
340 1945 458 2007 aduensi
479 1951 563 2015 sunt,
593 1946 725 2023 proiectu
748 1964 844 2024 neque
870 1946 1069 2024 respublica,

89 2031 174 2092 sicuti
195 2048 283 2101 nuno,
305 2035 477 2099 nommetur,
498 2036 526 2090 et
547 2025 682 2090 benificia
697 2036 794 2090 vostra
810 2046 901 2108 penes
923 2037 1068 2107 optumos,

88 2131 148 2175 nou
170 2114 389 2176 audacissumos
409 2113 516 2174 iurent.
557 2112 683 2174 blaiores
703 2114 793 2175 vostri
812 2114 935 2191 parandi
955 2114 1027 2175 iuris
1041 2121 1112 2175 etl?

88 2198 244 2258 maiestatis
264 2195 483 2258 constituendae
505 2197 597 2273 gratia
617 2196 663 2256 bis
681 2213 735 2275 per
750 2198 946 2259 secessionem
967 2200 1070 2259 murati

87 2280 262 2341 Aventinum
277 2295 466 2357 occupavere,
483 2295 535 2337 vos
549 2296 603 2356 pro
618 2279 766 2349 libertate,
788 2297 877 2359 mnam
897 2279 933 2340 ab
951 2281 1007 2340 illis
1022 2299 1070 2340 ac·

53 2364 222 2442 accepistis,
242 2379 342 2423 nonne
364 2377 478 2421 summa
495 2377 551 2437 opo
571 2363 724 2421 nitemini?
745 2367 832 2440 atque
855 2379 889 2422 co
911 2361 1070 2422 vehemen-

89 2448 155 2517 tius,
180 2463 239 2526 quo
258 2446 353 2506 maius
372 2444 500 2505 dedecus
518 2450 562 2504 est
581 2449 665 2521 parta
687 2444 828 2513 amittere,
847 2460 935 2520 quam
950 2445 1070 2505 omnino

88 2547 150 2591 nun
172 2530 328 2608 paravisse.

174 2613 257 2674 Dicet
268 2609 387 2691 aliquisz
402 2610 477 2683 Quid
494 2610 583 2688 igitur
600 2610 719 2671 censes?
739 2608 951 2670 Vindicandum
964 2611 995 2669 in
1009 2625 1114 2681 eos,1u

47 2759 52 2762 ,
90 2698 141 2776 qni
156 2695 233 2756 hosti
247 2695 405 2774 prodidero
426 2711 490 2756 rem
510 2692 680 2773 publicam?
722 2692 787 2754 Non
805 2709 895 2753 monn
914 2710 1011 2772 neque
1032 2696 1070 2764 vi,

55 2778 170 2860 eoquod
191 2779 284 2855 magis
316 2797 368 2840 ros
389 2781 495 2840 iecisse
525 2796 613 2858 quam
626 2777 682 2838 illis
697 2776 836 2838 accidisse
851 2776 1003 2854 indignum
1018 2784 1070 2847 est,

89 2880 194 2925 rerum
217 2861 433 2940 quaestionibus
461 2866 489 2922 et
515 2862 622 2923 indicio
650 2861 741 2939 ipsius
760 2859 928 2938 Iugurthae.
972 2860 1029 2932 Qui
1046 2860 1072 2921 si
1082 2870 1114 2922 19

92 2946 243 3009 dediticius
265 2951 323 3014 est,
346 2943 479 3022 prolecto
493 2946 578 3006 iussis
592 2945 697 3005 vostris
716 2943 874 3006 oboediens
889 2945 953 3013 erit,
976 2946 1022 3004 sin
1038 2961 1072 3005 ea

94 3036 270 3099 contemnet,
292 3027 403 3089 scilicet
418 3027 634 3098 existumabitis,
657 3026 749 3106 qualis
762 3027 810 3087 illa
822 3045 880 3107 pax
894 3034 944 3088 aut
964 3027 1072 3087 deditio

93 3116 143 3184 sit,
167 3132 203 3175 ex
225 3131 283 3194 qua
304 3110 341 3174 ad
361 3110 533 3188 Iugurtham
554 3112 699 3172 scelerum
720 3110 880 3188 inpunitas,
904 3110 940 3170 ad
961 3125 1073 3188 paucos

56 3198 219 3276 sopoteutis
240 3213 395 3257 maxumae
414 3194 543 3262 divitiae,
566 3195 681 3261 adrem
695 3194 842 3272 publicam
858 3194 962 3253 damna
984 3198 1072 3270 atque

94 3281 239 3343 dedecora
259 3279 456 3359 pervenerint.
486 3274 548 3338 Nisi
562 3275 638 3339 forte
656 3277 787 3337 nondum
809 3277 895 3337 etiam
914 3290 965 3332 vos
979 3275 1114 3340 domi-ut

93 3355 217 3425 nationis
231 3381 335 3425 eorum
346 3363 462 3424 satietas
478 3366 558 3423 tenet
572 3365 602 3421 et
614 3358 662 3420 illa
676 3377 764 3437 quam
779 3357 852 3417 haec
864 3358 997 3431 tempora
1010 3375 1072 3418 mo·

95 3448 140 3526 gis
153 3446 283 3527 placent,
307 3463 375 3509 cum
388 3462 481 3523 regna
494 3444 672 3526 provinciae,
689 3440 772 3520 leges
782 3442 856 3500 iura
867 3438 1098 3505 nuncnune
