2422 3854
261 221 303 261 55
324 214 430 262 senno
452 218 652 264 rravnrmno
678 219 705 262 5.
728 211 771 266 55.
792 211 835 265 57.
858 211 901 265 58.
1030 201 1069 262 73

95 368 132 428 nt
152 366 208 437 ille,
232 384 307 446 quae
325 366 502 445 parabantur
517 385 533 428 a
555 369 684 445 perfugis
702 368 836 437 edoctus,
858 367 970 446 magnis
987 368 1096 433 hine-2

95 449 177 511 ribus
189 449 336 512 Metellum
347 452 504 512 antevenit:
520 451 680 528 oppidanos
694 450 829 513 hortatur
842 451 956 512 moenia
970 450 1070 511 deien-

96 533 175 603 dant,
195 534 298 594 additis
317 533 422 595 auxilio
442 535 581 612 perfugis,
606 535 683 612 quod
709 552 800 613 genus
819 554 855 596 ex
878 535 968 612 copiis
982 535 1069 611 regis,

97 617 164 695 qnia
176 615 276 678 fallere
291 616 437 695 5555511551,
454 618 661 679 firmissumum
671 624 745 680 erat:
755 625 907 697 praeterea
918 615 1071 696 pollicetur

72 700 125 761 ain
147 706 279 780 tempore
299 708 391 761 semet
415 718 481 761 cum
504 703 633 762 exercitu
655 702 764 763 adiere.

178 783 220 844 lta
246 784 402 860 conpositis
427 782 573 844 rebus-in
597 785 660 846 loca
684 802 770 864 quarn
796 802 932 846 maxume
960 783 1097 847 occultas

95 866 224 937 discedit,
240 884 274 927 ac
289 873 355 944 post
370 865 457 945 555515
473 871 621 945 cognoscit
637 869 760 929 hiarium
772 887 807 928 ex
824 869 927 928 itinere
941 867 1070 929 irumen-

94 955 185 1011 tatum
207 967 274 1011 cum
289 950 390 1028 paucis
406 949 575 1012 cohortibus
597 953 710 1013 Siccam
732 953 867 1020 missum,
889 950 968 1028 quod
990 951 1070 1026 oppi-

96 1033 166 1094 dum
187 1035 315 1112 primum
331 1035 461 1094 omnium
482 1040 548 1111 post
564 1035 670 1097 malam
691 1053 819 1113 pugnam
843 1033 879 1095 ab
898 1049 969 1109 rege
992 1031 1071 1093 deie-

62 1139 86 1180 55
96 1124 186 1177 cerat.
216 1117 341 1178 liceum
357 1116 475 1178 delectis
489 1118 634 1198 equitibus
650 1125 738 1179 noctu
754 1119 851 1196 pergit
869 1123 898 1180 et
915 1117 972 1176 iam
988 1128 1098 1193 egre-t

96 1199 240 1261 dientihus
253 1200 392 1262 Romanis
406 1201 435 1261 in
446 1207 530 1278 porta
545 1218 674 1279 pugnam
685 1203 766 1263 iacit:
784 1203 870 1264 simul
884 1218 988 1279 magna
1002 1217 1072 1260 voce

95 1282 239 1344 Siccensis
259 1283 406 1353 hortatur,
436 1285 478 1344 uti
506 1284 634 1345 cohortis
656 1285 691 1344 ab
717 1291 800 1363 tergo
829 1285 1071 1346 circumveniant:

96 1365 244 1426 fortunam
256 1364 310 1426 illis
324 1364 469 1442 praeclari
486 1366 622 1426 facinoris
635 1385 735 1427 casum
750 1367 836 1428 dare:
858 1369 883 1428 si
896 1368 925 1428 id
939 1366 1071 1435 iecerint,

96 1454 197 1526 555155
218 1465 282 1512 5555
301 1448 331 1510 in
353 1464 461 1526 regno,
481 1447 545 1510 illos
568 1451 597 1509 in
617 1449 751 1511 libertate
764 1451 827 1510 sine
848 1456 927 1512 metu
951 1455 1073 1510 aetatem

62 1538 222 1599 coacturos.
263 1531 305 1593 hc
326 1534 355 1593 ni
372 1532 481 1595 Marius
503 1534 584 1611 signa
599 1533 709 1596 inierre
727 1540 814 1614 atque
829 1533 952 1594 evadere
966 1530 1101 1610 oppid05

95 1617 322 1694 properavisset,
342 1615 474 1693 proiecto
496 1618 593 1678 cuncti
614 1625 664 1678 aut
684 1636 788 1697 magna
811 1634 881 1696 pars
894 1616 1074 1678 Siccensium

96 1699 183 1760 tidem
195 1700 396 1760 monuissent:
414 1706 492 1760 tanta
502 1700 661 1762 mobilitate
673 1719 737 1762 sese
747 1701 888 1762 Numidae
896 1709 1014 1781 gerunt.
1024 1698 1099 1759 Seth

95 1781 201 1842 milites
216 1781 395 1858 Iugurthini,
418 1783 566 1860 paudisper
588 1783 624 1843 ab
646 1800 716 1861 rege
732 1786 897 1855 sustentati,
920 1788 1074 1860 postquam

95 1865 208 1924 maiore
225 1865 250 1923 vi
269 1862 368 1924 hostes
380 1871 517 1941 urguent,
540 1867 640 1943 paucis
656 1868 766 1927 arnissis
781 1867 898 1943 proiugi
912 1864 1073 1925 discedunt.

62 1968 87 2009 :o
180 1947 287 2008 Marius
308 1946 345 2006 ad
368 1948 484 2008 Zamam
507 1949 648 2025 pervenit.
690 1948 721 2010 ld
745 1949 897 2026 oppidum,
919 1949 949 2007 in
970 1944 1122 2022 campobi

95 2032 190 2101 situm,
214 2032 306 2108 magis
320 2048 409 2108 opere
425 2048 513 2108 quam
527 2038 629 2094 natura
645 2033 788 2094 munitum
803 2038 874 2100 erat,
892 2029 998 2091 nullius
1013 2029 1074 2089 ido·

95 2131 168 2176 neae
187 2115 231 2174 rei
248 2130 346 2191 egens,
362 2116 451 2175 armis
472 2116 597 2196 airisqaae
620 2115 799 2194 opulentum.
831 2114 922 2192 Igitur
943 2111 1100 2173 1151511555

95 2213 149 2274 555
167 2204 298 2274 tempore
316 2203 402 2276 atque
416 2196 481 2258 loco
496 2200 604 2274 paratis
624 2199 713 2260 rebus
731 2205 834 2259 cuncta
854 2198 970 2258 moenia
990 2212 1074 2256 exer·

96 2280 155 2339 citu
166 2279 365 2348 circumvenit,
377 2279 666 2358 legatisimperatubi
677 2283 799 2360 quisque
815 2286 941 2341 curaret.
963 2277 1099 2339 Deindet

62 2363 180 2440 assigno
203 2361 270 2421 dato
289 2361 417 2438 undiquc
439 2361 525 2421 simul
546 2361 655 2422 clamor
677 2365 779 2438 ingens
800 2364 902 2430 oritur,
924 2377 1019 2438 neque
1041 2376 1075 2418 55

97 2461 146 2505 555
157 2443 296 2505 Numidas
311 2450 416 2505 terret:
433 2444 536 2504 iniensi
552 2446 712 2522 intentique
725 2446 786 2505 sine
802 2443 927 2505 tumultu
942 2448 1074 2502 manent:

97 2525 241 2606 proelium
264 2528 411 2606 incipitur.
460 2526 599 2596 Romani,
624 2544 678 2604 pro
699 2529 815 2603 ingenio
841 2527 974 2605 quisque,
1007 2541 1101 2602 55554

98 2613 211 2673 eminus
226 2609 331 2688 glande
346 2617 395 2672 551
407 2609 552 2688 lapidibus
566 2626 709 2688 pugnare,
725 2610 772 2672 alii
786 2610 946 2671 succedere
962 2625 996 2669 ac
1012 2625 1075 2667 mu-

98 2710 166 2755 rum
180 2694 268 2753 modo
283 2693 442 2754 subfodere
457 2694 545 2754 modo
560 2692 646 2754 scalis
660 2694 794 2770 adgredi,
809 2709 918 2770 cupere
932 2689 1075 2769 proelium

63 2779 128 2843 scin
151 2775 285 2836 manibus
303 2775 409 2836 iacere.
443 2776 551 2837 Contra
574 2795 607 2838 55
623 2777 760 2854 oppidani
780 2778 810 2835 in
830 2792 991 2855 proxumos
1009 2787 1103 2838 55555

98 2858 222 2928 5515555,
235 2858 324 2927 audie,
336 2857 403 2934 pila,
416 2865 569 2943 praeterea
581 2861 676 2937 picem
691 2858 803 2920 sulfure
817 2865 846 2919 et
860 2859 943 2920 taeda
957 2860 1077 2919 mixtam

99 2943 211 3004 ardenti
227 2941 352 3002 mittere.
380 2940 431 3001 Set
446 2956 484 3002 ne
499 2942 563 3002 illos
577 2944 703 3020 quidem,
720 2944 768 3020 qui
784 2942 887 3020 5555551
901 2948 1103 3010 manseranto

100 3026 187 3085 timor
201 3025 289 3085 animi
306 3023 375 3084 satis
391 3024 571 3084 muniverat:
587 3043 655 3086 nam
669 3024 825 3103 plerosque
841 3025 934 3087 iacula
949 3033 1076 3085 tormen-

102 3108 138 3168 tis
154 3114 203 3167 aut
214 3124 302 3169 manu
320 3107 424 3168 emissa
439 3104 637 3176 volnerabant,
657 3109 779 3186 parique
794 3107 926 3186 periculo
941 3114 985 3167 set
1002 3106 1078 3165 lama

66 3207 91 3250 55
102 3191 197 3267 inpari
218 3189 288 3251 honi
304 3198 389 3269 atque
404 3189 498 3268 ignavi
516 3196 607 3249 erant.

185 3272 259 3334 lium
274 3273 351 3350 apud
367 3272 484 3332 Zamam
502 3273 544 3332 sic
566 3279 703 3345 certatur,
724 3274 866 3351 iugurtha
881 3290 917 3334 ex
931 3271 1076 3348 inproviso
1088 3269 1127 3332 58

101 3362 196 3418 eastra
215 3354 341 3416 hostium
356 3373 423 3417 eum
439 3370 544 3432 magna
564 3372 652 3418 manu
671 3356 794 3418 invadit:
816 3356 954 3425 remissis,
976 3355 1027 3432 qui
1048 3354 1076 3415 in

100 3438 245 3518 praesidio
260 3445 353 3510 erant,
371 3444 401 3500 et
422 3439 519 3500 omnia
541 3440 632 3519 magia
654 3457 740 3520 quam
762 3437 906 3515 proelium
922 3444 1076 3517 expectan-
