2422 3854
128 175 168 238 80
296 195 338 235 nn
357 191 459 235 nnuc
483 189 683 234 wevnrnnro
709 189 737 232 e.
757 181 800 235 68·
825 182 868 236 69.
891 180 934 236 Io.

100 347 175 411 esic
195 346 296 405 animis
317 359 419 402 eornm
442 340 580 407 adrectis,
602 339 714 418 equites
735 339 765 398 in
785 338 880 416 primo
901 336 975 408 lete,
996 339 1111 417 pedites

78 437 214 509 (tequam
236 429 389 488 artissume
417 427 459 486 irc
490 429 518 483 et
539 423 621 499 signa
643 420 791 483 occultare
813 420 902 482 iubet.
958 424 1111 502 Vagenses

127 515 178 574 ubi
205 513 333 571 animum
357 509 508 569 advortere
538 506 573 566 ad
596 522 628 566 se
648 522 766 566 vorsum
789 507 949 567 exercitum
969 524 1107 584 pergere,

128 599 239 673 primo,
267 595 311 654 uti
333 600 395 654 erat
415 609 478 658 ros,
505 588 653 649 Metellum
675 606 738 650 esse
765 591 820 650 rati
842 595 942 666 portas
965 589 1108 662 clausere,

128 678 233 740 deinde
254 676 304 737 ubi
325 694 421 754 neque
446 691 532 752 agros
553 674 659 733 vastari
681 678 710 734 et
732 690 782 733 eos
803 675 853 752 qni
879 674 967 751 prImi
986 674 1129 737 adorante

127 762 267 823 Numidas
290 762 402 838 equites
417 759 530 824 vident,
552 774 671 817 rursum
693 756 864 834 Iugurtham
886 756 1019 819 arbitrati
1041 777 1109 821 cum

101 863 234 924 omagno
248 846 355 924 gaudio
371 843 447 904 obvii
463 841 635 918 procedunt.
669 840 789 920 Equites
801 841 973 919 peditesque
987 849 1110 921 repente

127 932 210 1006 signo
234 929 301 989 dato
320 927 367 988 alii
376 926 494 1003 volgum
502 926 625 987 ellusum
641 925 747 1002 oppido
763 925 902 995 caedere,
920 924 968 985 alii
984 925 1019 986 ad
1037 944 1108 1004 por-

127 1021 171 1074 las
191 1014 344 1077 festinare,
367 1027 436 1089 pars
454 1010 543 1069 turris
570 1025 691 1086 capere:
716 1009 759 1068 Ira
781 1015 867 1087 atquc
887 1009 1014 1086 praedae
1040 1027 1109 1089 spes

102 1096 251 1175 sampirus
268 1113 356 1173 quam
371 1093 510 1153 lassitudo
525 1108 621 1169 posse.
653 1091 695 1151 lta
717 1092 863 1169 Vagenses
877 1091 997 1154 biduom
1018 1095 1142 1156 medere

129 1200 164 1242 ex
179 1179 300 1257 perfidia
316 1177 428 1238 laetati:
449 1177 547 1236 civitas
565 1192 669 1252 magna
689 1181 717 1235 et
732 1174 854 1252 opulens
874 1183 977 1237 cuncta
994 1194 1109 1254 poenae

101 1269 178 1340 aaut
191 1262 319 1340 praedae
334 1260 396 1320 luit.
424 1258 581 1336 Turpilius,
598 1276 685 1337 quem
700 1258 881 1336 praelectum
899 1260 996 1338 oppidi
1013 1279 1109 1322 unum

128 1365 163 1408 er
186 1345 322 1405 omnibus
337 1343 502 1423 profugisse
522 1360 611 1421 supra
626 1343 814 1412 ostendImus,
838 1345 934 1407 iussus
956 1362 971 1404 a
991 1344 1108 1407 Metello

128 1428 245 1490 causam
279 1429 394 1495 dicere,
413 1433 569 1504 postquam
584 1443 648 1487 sese
670 1444 776 1503 parum
798 1435 950 1505 expurgat,
967 1429 1107 1490 condem·

128 1520 213 1574 natus
240 1512 470 1589 verberatusque
494 1511 587 1589 capite
606 1527 716 1587 poenas
736 1508 834 1571 solvit:
860 1510 970 1590 †nam
994 1513 1018 1572 is
1038 1514 1140 1575 cirisll

128 1615 164 1656 ex
179 1597 262 1656 Latio
279 1603 350 1657 erat.

77 1686 130 1745 70.
213 1679 271 1740 Per
294 1679 372 1738 idem
398 1684 514 1755 tempus
535 1677 695 1745 Bomilcar,
724 1679 804 1738 cuius
826 1677 940 1756 inpulsu
963 1679 1107 1757 Iugurtha

128 1763 314 1830 deditionem,
334 1779 421 1840 quam
437 1766 516 1822 metu
532 1761 674 1828 desernit,
695 1761 858 1844 inceperat,
873 1769 1027 1840 suspectus
1042 1765 1108 1842 regi

129 1848 241 1924 etipse
269 1863 335 1907 eum
357 1846 518 1921 suspiciens
560 1862 649 1906 novas
671 1861 719 1905 res
741 1863 865 1924 cupere,
895 1846 931 1906 ad
951 1848 1107 1923 pernitiem

101 1932 191 1998 seius
206 1928 306 1991 dolum
321 1946 473 2007 quaerere,
493 1929 539 1989 die
557 1936 703 2006 noctuque
723 1927 844 2005 fatigare
863 1930 1006 1991 animum:
1024 1931 1138 1992 deni-as

129 2033 185 2093 que
215 2014 311 2073 omnIa
337 2012 505 2090 temptando
534 2014 644 2073 socium
677 2010 732 2070 sibi
764 2011 893 2090 adiungit
921 2013 1105 2083 Nabdalsam.

127 2098 277 2158 hominem
290 2094 428 2165 nobIlem,
444 2098 558 2173 magnis
572 2095 690 2173 opibus,
709 2113 810 2156 carum
827 2104 1039 2176 acceptumque
1052 2117 1106 2176 po·

128 2179 280 2258 pularibus
301 2180 375 2249 suis,
399 2182 448 2259 qni
463 2179 636 2258 plerumque
653 2196 786 2239 seorsum
805 2179 841 2240 ab
859 2198 929 2258 rege
945 2183 1105 2244 exercitum

128 2265 249 2324 ductare
271 2269 300 2324 et
321 2265 415 2325 omnis
437 2281 485 2324 res
512 2263 616 2342 exequi
636 2261 737 2322 solitus
759 2270 829 2334 erat,
853 2284 927 2344 quae
948 2264 1106 2342 Iugurthae

128 2347 205 2408 iesso
223 2355 273 2408 aut
288 2347 447 2409 maioribus
462 2348 599 2407 adstricto
614 2355 836 2424 superaverant:
857 2367 894 2409 ex
908 2367 966 2427 qno
986 2347 1027 2410 illi
1043 2349 1136 2429 glo-ss

102 2433 170 2495 3ria
186 2449 315 2510 opesque
334 2433 477 2492 inventae.
513 2431 603 2508 Igitur
619 2431 771 2510 utriusque
786 2431 905 2493 consilio
920 2432 981 2494 dles
996 2434 1106 2494 Insidiis

127 2519 277 2575 statuitur:
302 2520 408 2595 cetere,
431 2515 474 2574 uti
492 2532 540 2575 res
555 2520 698 2592 posceret,
722 2532 757 2574 ex
782 2520 914 2593 tempore
928 2519 1026 2594 parari
1044 2517 1105 2595 pla-

100 2600 195 2664 4cuit.
218 2596 363 2659 Nabdalsa
380 2596 416 2656 ad
434 2599 593 2659 exercitum
608 2597 766 2675 protectus
784 2615 873 2675 quem
893 2600 968 2661 inter
982 2599 1105 2662 hiberna

126 2681 327 2742 Romanorum
343 2681 439 2740 iussus
456 2680 592 2750 habebat,
608 2699 645 2740 ne
660 2695 730 2756 ager
743 2679 843 2741 inultis
857 2682 990 2744 hostibus
1011 2695 1105 2745 vasta·

101 2771 218 2828 oretur.
250 2762 278 2822 Is
289 2768 442 2841 postquem
454 2764 651 2843 magnitudhre
663 2764 799 2825 facinoris
813 2766 966 2844 perculsus
980 2767 1018 2828 ad
1033 2775 1136 2830 tem-so

126 2864 182 2924 pus
202 2862 262 2905 nou
284 2847 361 2906 venit
381 2855 535 2925 metusque
553 2866 616 2908 rem
637 2846 996 2926 InpedIebat,.Bomilcar,
1018 2850 1105 2912 simul

127 2928 250 3006 cupidus
270 2930 385 3009 incepta
407 2930 541 3007 patrandi
562 2938 590 2991 et
610 2931 715 2992 timore
733 2934 795 2994 soci
812 2936 923 3005 anxius,
938 2952 976 2994 ne
995 2935 1104 2996 omisso

125 3018 223 3073 vetere
245 3011 364 3073 consilio
384 3031 491 3074 nouom
512 3021 683 3093 quaereret,
705 3013 816 3079 litteras
837 3019 874 3078 ad
895 3035 962 3078 eum
979 3034 1033 3096 per
1049 3017 1104 3080 bo·

125 3097 218 3157 mines
236 3096 329 3158 fidelis
351 3098 452 3168 mittit,
477 3098 506 3158 in
532 3099 596 3176 quis
624 3097 773 3163 mollitiem
799 3100 1022 3180 socordiamque
1048 3104 1103 3164 viri

126 3197 280 3250 accusare,
297 3182 396 3242 testari
412 3181 482 3243 deos
496 3199 550 3260 per
566 3200 639 3261 quos
653 3185 813 3254 iuravisset,
829 3201 950 3246 monere
965 3203 1003 3247 ne
1016 3203 1135 3266 prae-as

125 3264 181 3324 mia
202 3263 308 3326 Metelli
322 3267 351 3326 in
372 3271 484 3344 pestem
505 3274 704 3330 converteret:
727 3267 883 3346 Iugurthae
911 3270 1029 3331 exitium
1051 3269 1103 3330 ad·

126 3364 206 3408 esse:
235 3356 364 3412 ceterum
392 3366 482 3411 suane
502 3368 538 3411 an
559 3350 665 3414 Metelli
689 3352 794 3412 virtute
818 3353 942 3430 periret,
962 3353 992 3414 id
1013 3353 1102 3414 modo

125 3429 241 3504 agitari:
274 3434 396 3513 prolude
419 3441 568 3512 reputaret
594 3453 661 3498 cum
685 3436 781 3497 animo
811 3452 879 3506 suo,
906 3438 1035 3517 praemia
1064 3454 1101 3498 an
