2422 3854
150 193 192 256 28
326 213 371 255 nn
394 212 567 257 3333333333
590 211 834 255 oouumuronn
856 211 883 254 o.
906 206 951 258 51.

152 361 202 439 qui
221 358 413 423 seditionibus
426 376 490 420 rem
503 357 651 438 publicam
665 361 896 436 exagitaverant,
918 361 1024 420 merito
1041 377 1130 421 neca·

109 450 143 503 33
154 449 199 503 tos
214 442 339 504 aiebant
376 441 427 503 Set
447 460 482 504 ea
502 459 551 503 ree
570 458 694 520 magnae
710 443 824 504 initium
839 442 928 503 cledis
948 441 1011 504 init
1054 442 1131 504 Nam

140 523 831 688 -llflnffisddssldpridedlllitpdpffl
846 532 966 671 iffi
974 532 1130 688 md

103 698 249 754 sotorum
268 710 393 755 numero
415 699 500 754 esset.
534 692 646 763 1131111,
668 692 776 772 quibus
796 692 963 771 Damasippi
976 710 1057 753 mers
1069 693 1152 757 lae-a

145 775 225 837 titiae
240 775 352 846 iuerat,
369 775 458 853 penio
473 785 540 854 pest
553 777 609 855 ipsi
627 775 835 845 trabebantun,
851 793 949 854 neque
963 778 1046 853 prius
1062 777 1129 838 finis

101 869 135 923 33
145 857 296 936 iugulandi
317 859 372 920 tuit
385 876 474 938 33333
491 857 571 921 Sulla
586 861 680 921 omnis
696 876 766 920 aeos
788 859 892 920 divitiis
910 858 1044 937 explevit.
1076 859 1128 920 At·

144 959 202 1022 que
221 961 277 1022 ego
298 943 373 1005 beec
389 960 450 1005 non
471 944 502 1004 in
517 941 555 1002 M.
573 941 669 1005 Tullio
690 959 787 1022 neque
809 942 855 1003 bis
874 942 1057 1022 temporibus
1077 961 1127 1004 ve·

143 1042 228 1088 reor:
249 1033 295 1088 set
313 1027 344 1088 in
364 1041 471 1103 magna
489 1026 602 1089 31311313
622 1025 713 1088 multa
736 1033 767 1087 et
797 1026 879 1087 varia
905 1027 1022 1104 ingenia
1047 1033 1125 1087 sunt.

101 1123 136 1178 ae
144 1107 244 1171 Potest
254 1107 310 1171 alio
326 1115 469 1187 tenpore,
482 1108 538 1171 alio
554 1107 684 1179 consule,
698 1110 747 1171 331
754 1110 826 1170 item
837 1110 983 1171 33333333
993 1111 1022 1170 13
1037 1126 1128 1171 menn
1137 1125 1162 1168 33

144 1193 196 1259 sit,
222 1190 330 1255 fulsum
351 1191 459 1272 etquid
478 1209 533 1270 pro
555 1209 626 1253 vero
648 1193 743 1254 credi:
765 1191 818 1254 ubi
839 1191 898 1254 boe
919 1192 1052 1271 exemplo
1071 1210 1128 1270 per

144 1275 237 1337 senati
259 1274 412 1338 decretum
434 1273 537 1337 333331
556 1273 685 1352 81331133]
707 1276 856 1345 edtucrit,
885 1277 950 1356 quis
976 1274 1017 1336 illi
1037 1275 1129 1337 finem

144 1363 260 1427 statuet,
284 1366 334 1421 aut
353 1360 420 1438 qn's
435 1357 655 1420 moderabitur?

101 1458 135 1511 aa
230 1441 355 1505 Maiores
368 1443 476 1511 nostri,
500 1447 600 1519 patres
614 1443 781 1519 conscripti,
802 1459 899 1521 neque
914 1441 1016 1503 consili
1030 1458 1128 1520 neque

145 1524 284 1589 auderico
294 1543 435 1604 umquam
446 1541 563 1602 eguere,
578 1541 675 1603 neque
685 1523 741 1587 illie
753 1524 893 1604 superbia
908 1524 1052 1595 obstabat,
1067 1542 1127 1604 (pue
1137 1541 1163 1585 33

143 1610 242 1671 minus
259 1607 353 1670 311333
373 1610 518 1679 13311333,
541 1609 566 1669 31
587 1607 676 1668 modo
696 1606 790 1686 proba
809 1613 908 1677 erent,
930 1608 1126 1669 imitarentur.

101 1692 233 1759 aerlrme
249 1697 337 1769 atque
353 1690 411 1753 tela
428 1691 561 1754 militarie
577 1692 614 1754 ab
629 1689 817 1759 Sannitibus,
835 1691 959 1766 insignia
974 1693 1127 1769 megistae·

144 1781 228 1836 tuum
244 1771 281 1837 ab
298 1773 403 1835 Tuscis
419 1772 560 1853 pleraque
574 1779 778 1854 sumpserunt:
799 1779 949 1854 postremo
967 1774 1046 1853 quod
1060 1772 1128 1834 ubi·

144 1875 201 1936 que
217 1857 296 1938 apud
309 1859 407 1919 socios
424 1864 476 1919 aut
489 1857 581 1919 boetis
594 1859 733 1921 13333333
748 1857 910 1927 videbatur,
928 1875 996 1920 curn
1010 1874 1126 1919 summo

143 1941 239 2004 staodio
259 1941 338 2002 donn
367 1941 606 2020 exequebantur:
632 1941 740 2003 imitari
769 1958 858 2019 33333
883 1941 1013 2001 invidere
1040 1940 1160 2002 bonisne

100 2036 134 2088 39
144 2023 300 2087 trudebant.
321 2024 373 2086 Set
387 2025 491 2087 eodem
501 2023 551 2086 illo
567 2031 698 2103 tompore
710 2023 866 2105 [Graeciae
880 2040 994 2085 morem
1008 2023 1125 2105 imitati]

144 2107 316 2169 verberibus
331 2107 603 2170 animadvortebant
623 2109 653 2169 in
670 2109 749 2176 31313,
772 2106 809 2167 (13
823 2107 1024 2168 condemnatis
1045 2125 1126 2167 sum-

100 2205 134 2257 43
144 2207 226 2251 mum
240 2188 415 2268 subplicium
433 2192 596 2254 sumebant.
627 2190 785 2268 Postquam
799 2207 848 2251 res
867 2188 985 2268 publice
1002 2189 1127 2251 adolevit

144 2280 173 2336 et
185 2272 370 2337 multitudine
384 2276 490 2338 civium
510 2275 651 2337 sactiones
664 2272 797 2343 valuere,
821 2274 1027 2336 circumveniri
1040 2275 1126 2334 inno·

144 2365 252 2428 centes,
267 2356 323 2419 3113
337 2357 461 2421 huiusce
476 2358 556 2419 modi
570 2357 636 2418 beri
653 2375 794 2436 coepere,
813 2364 877 2419 tum
891 2356 940 2419 lex
954 2357 1058 2419 Porcia
1073 2356 1124 2418 ali·
1133 2372 1160 2414 33

144 2460 236 2522 acquic
254 2441 335 2520 leges
350 2449 470 2521 paratae
486 2447 569 2511 sunt,
594 2440 701 2521 quibus
715 2439 830 2519 legibus
845 2441 965 2503 exilium
980 2441 1125 2502 damnatis

100 2537 133 2590 41
145 2527 321 2604 permissum
340 2531 393 2585 est.
420 2525 504 2587 Hanc
520 2542 574 2602 ego
596 2541 738 2592 mursam,
759 2531 859 2602 patres
877 2525 1043 2602 conscripti,
1066 2543 1126 2602 quo

142 2611 240 2670 minus
258 2625 366 2669 novom
380 2606 533 2668 3333111333
550 2608 707 2682 capiemus,
722 2607 753 2665 in
769 2607 872 2682 primis
888 2622 1027 2684 magnam
1041 2615 1124 2686 puto.

101 2691 281 2756 taProiecto
299 2691 390 2751 virtus
412 2695 499 2768 atque
519 2689 660 2766 sapientia
675 2687 769 2748 maior
790 2688 896 2750 inillis
918 2688 987 2760 fuit,
1014 2693 1065 2770 qui
1086 2710 1124 2753 ex

143 2774 241 2853 parvis
263 2772 367 2850 opibus
384 2778 498 2834 uotum
510 2772 669 2851 inperium
680 2769 787 2838 iecere,
811 2789 899 2849 quam
912 2772 943 2833 in
957 2774 1058 2845 nobis,
1073 2777 1160 2855 quie

146 2873 180 2917 33
203 2853 281 2916 bene
299 2861 383 2932 parte
402 2857 450 2924 vin
467 2856 637 2917 retinemus.

100 2943 135 2995 43
229 2935 329 2998 Placet
341 2938 430 3014 igitm
447 2954 497 2998 cos
512 2937 616 2998 dimitti
631 2942 660 2997 et
676 2933 780 3012 augeri
794 2939 955 2999 exercitum
969 2939 1125 3000 Catilinae?

144 3021 282 3084 llinume.
306 3019 357 3081 Set
367 3022 406 3082 ita
418 3038 541 3083 censeo:
556 3019 748 3099 publicandas
767 3037 871 3080 eorum
884 3022 1032 3099 pecunias,
1045 3023 1125 3099 ipsos

145 3108 175 3168 in
195 3102 317 3165 vinculis
340 3103 493 3167 habendes
511 3121 564 3183 per
583 3104 756 3182 municipia,
779 3120 855 3182 quae
868 3119 1003 3164 33333333
1019 3102 1124 3183 opibus

144 3189 323 3252 vnlentmeu
335 3189 446 3268 quiede
461 3189 503 3250 eis
516 3195 617 3267 postea
634 3188 672 3250 ad
687 3193 821 3248 senatum
831 3183 954 3255 referat,
972 3204 1046 3248 neve
1056 3205 1124 3248 cum
1134 3208 1159 3251 33

144 3272 255 3352 populo
274 3279 356 3349 agat:
385 3273 435 3352 qui
457 3271 541 3334 aliter
562 3271 681 3340 iecerit,
703 3276 838 3333 senatum
861 3269 1036 3331 existarmarc
1056 3287 1124 3332 enm

146 3364 249 3418 centra
269 3374 335 3418 rem
355 3355 503 3436 publicem
522 3362 551 3418 ct
571 3356 695 3418 salutem
716 3354 846 3415 omnium
867 3352 1034 3415 iacturum!

93 3437 136 3498 52
228 3439 388 3519 Postquam
407 3439 512 3502 Caesar
524 3440 639 3504 (11333311
650 3440 739 3500 tinem
753 3435 830 3504 lecit,
843 3437 933 3497 ceteri
946 3435 1036 3497 verbo
1052 3433 1125 3498 alius
