2422 3854
218 218 261 260 on
284 216 457 260 oarrnrunn
481 215 721 260 courvnarroun
744 216 771 260 o.
794 211 837 264 55.
858 211 903 266 56.
921 211 964 268 ol.
1043 205 1082 266 33

101 365 284 463 subplicium
289 363 453 442 postulabat
463 381 569 441 parare
582 364 701 426 iubetz‘
692 383 756 443 rpse
771 368 922 444 praesidiis
939 371 1109 448 disposilion

101 449 284 510 lentulum
276 465 306 508 ur
326 464 475 523 carcerem
495 448 627 509 deducit.
647 450 725 510 idem
745 450 779 510 tlt
800 453 905 512 ceteris
923 470 978 530 per
998 472 1083 532 prae·

101 538 191 594 tores
222 531 295 592 Est
287 548 316 590 ιιι
332 530 558 602 carcerelocus,
578 532 656 611 quod
670 525 835 595 Tullianum
851 535 1022 613 adpellatur,
1035 536 1111 600 ubis

102 614 254 692 paululum
278 616 446 677 ascenderis
473 617 512 678 ad
538 614 664 684 laevam,
688 618 804 678 circiter
819 619 973 681 duodecim
995 622 1086 720 pedes

79 700 185 762 ohumi
203 700 367 776 depressus.
400 699 475 759 Eum
494 700 630 760 muniunt
649 700 778 779 undique
796 703 922 779 parietes
936 707 1050 783 atque'
1042 723 1085 764 m·
1073 717 1111 764 ·4

102 800 192 860 super
214 800 330 844 camera
352 782 473 860 lapideis
495 781 656 844 fornicibus
675 785 788 854 iuncta,
812 792 857 846 set
876 787 987 848 incultu
1005 795 1085 849 lene·

102 866 163 927 bris
185 867 276 927 odore
298 867 384 928 foeda
406 872 493 945 etque
514 866 652 928 terribilis
676 869 738 928 eius
759 869 848 929 facies
873 876 925 930 est.
962 870 996 930 ln
1018 887 1111 936 eume

101 949 200 1011 locum
221 958 377 1031 postquem
405 949 548 1011 demissus
575 957 619 1011 est
639 951 794 1021 Lentulus,
821 952 964 1034 [vindices
984 972 1086 1014 rerum

104 1034 284 1116 capitalium]
307 1033 414 1114 quihus
433 1041 624 1112 praeceptum
647 1042 710 1096 eret
724 1035 829 1114 laqueo
844 1037 942 1114 gulam
958 1039 1084 1116 fregere.

69 1116 145 1181 mlta
160 1117 208 1179 ille
227 1121 365 1197 patricius
386 1136 422 1179 ex
437 1125 523 1196 geute
537 1117 707 1180 clarissuma
724 1118 936 1189 Corneliorum,
949 1123 999 1201 qui
1017 1128 1113 1182 con-6

103 1201 200 1262 surlare
219 1205 377 1280 imperium
388 1202 499 1263 Romae
514 1201 673 1272 habuerat,
696 1202 816 1280 dignum
836 1204 969 1266 moribus
989 1206 1085 1266 factis-

104 1303 160 1362 que
177 1287 238 1346 suis
253 1287 373 1346 exitium
389 1288 463 1347 vitae
483 1286 599 1346 invenit.
630 1285 672 1346 lle
689 1286 817 1364 Cethego
836 1287 946 1348 Statilio
963 1288 1085 1350 Gabinio

104 1367 244 1446 Caepario
263 1369 367 1429 eodem
386 1369 474 1428 modo
497 1367 671 1445 subplicium
689 1376 838 1447 sumptum
852 1378 905 1430 est.

188 1450 264 1512 llum
276 1469 309 1512 ea
319 1451 430 1512 Romae
441 1457 597 1530 geruntur,
616 1450 735 1513 Catilina
749 1470 782 1513 ex
799 1455 878 1514 omni
893 1455 986 1532 copla,
999 1473 1085 1534 quarn
1097 1457 1138 1518 56

69 1555 92 1597 ιι
104 1542 133 1596 et
155 1536 218 1612 ipse
235 1536 396 1596 adduxerat
417 1542 445 1597 et
461 1535 584 1596 Manlius
601 1534 757 1605 habuerat,
775 1537 847 1598 duas
863 1536 993 1614 legiones
1005 1539 1086 1599 insti·

103 1620 166 1688 tuit,
191 1619 319 1680 cohortis
338 1637 394 1697 pro
408 1637 533 1681 numero
549 1619 673 1680 militum
689 1619 816 1698 conplet.
833 1621 945 1682 Deinde
961 1628 993 1682 ιιι
1008 1624 1113 1700 quis-2

104 1721 161 1780 que
177 1703 356 1765 voluntarius
379 1710 429 1765 ιιιι
450 1721 486 1764 ex
508 1705 595 1763 sociis
616 1705 647 1764 in
668 1711 763 1765 castra
785 1709 906 1767 venerat
927 1706 1086 1785 aequaliter

104 1786 302 1856 distrlbuerat,
321 1806 356 1848 ac
369 1787 452 1848 brevi
468 1789 560 1864 spatio
574 1786 705 1865 legiones
723 1805 848 1849 numero
867 1789 1019 1851 bominum
1037 1811 1086 1857 ex·

103 1869 241 1946 pleverat,
266 1888 334 1931 cum
350 1872 431 1932 initio
445 1879 505 1930 non
523 1869 650 1947 ampliusv
663 1870 776 1931 duobus
798 1870 914 1933 milibus
928 1873 1086 1935 habuisset.

68 1971 94 2012 ao
104 1953 155 2014 Set
167 1971 204 2015 ex
216 1955 295 2016 omni
307 1957 390 2032 copia
405 1956 521 2016 circiter
532 1971 602 2032 pars
618 1961 720 2032 quarta
739 1961 802 2015 erat
813 1955 986 2016 militaribus
999 1959 1114 2019 armies

103 2039 259 2108 instructa,
291 2041 380 2101 ceteri
400 2045 433 2101 ut
455 2056 600 2120 quemque
623 2056 708 2098 casus
729 2045 893 2100 armaverat
913 2058 1015 2117 sparos
1036 2047 1087 2101 aut

102 2120 228 2191 lanceas,
249 2121 297 2183 alii
311 2131 483 2200 praeacutas
501 2123 581 2184 sudis
600 2121 765 2199 portabant.
799 2124 850 2184 Set
863 2130 1018 2204 postquam
1029 2125 1115 2184 rin-4

102 2205 200 2265 tonius
223 2223 291 2267 cum
313 2210 444 2268 exercitu
464 2205 650 2275 adventabat,
683 2204 800 2267 Catilina
826 2224 880 2285 per
905 2211 1012 2269 montis
1033 2211 1087 2269 iter

103 2288 217 2357 facere,
239 2289 327 2349 modo
370 2290 407 2350 ad
428 2289 534 2350 urbem
556 2290 644 2349 modo
666 2291 695 2348 in
720 2289 842 2351 Calliam
864 2308 967 2351 vorsus
993 2300 1088 2352 castra

69 2388 234 2440 removere,
252 2371 385 2433 hostibus
403 2374 586 2433 occasionem
602 2372 752 2449 pugnandi
766 2390 826 2430 non
845 2372 931 2432 dare:
951 2374 1089 2450 sperabat

102 2472 197 2534 prope
211 2454 288 2517 diem
306 2474 426 2535 magnas
448 2456 546 2533 copias
560 2472 625 2514 sese
639 2453 825 2524 habiturum,
848 2456 873 2515 si
890 2455 1002 2517 Romae
1017 2460 1088 2518 socii

103 2542 218 2618 incepta
231 2542 431 2618 patravissent.
447 2540 562 2600 Interea
576 2539 691 2599 servitia
706 2537 892 2615 repudiabat,
911 2541 994 2600 cuius
1008 2542 1114 2601 initiae

103 2623 141 2683 ad
163 2642 230 2684 eum
252 2643 375 2703 magnae
392 2626 493 2703 copiae
507 2621 732 2691 concurrebant,
756 2621 861 2700 opibus
880 2624 1088 2684 coniurationis

81 2706 212 2775 fretus,
241 2708 327 2770 simul
354 2709 481 2771 ebenum
502 2709 562 2769 suis
583 2724 617 2767 ra
642 2705 751 2766 onibus
774 2707 966 2777 existumans,
995 2707 1087 2770 videri

69 2807 225 2852 eocausam
261 2793 366 2851 civium
387 2811 454 2854 cum
476 2792 566 2858 servis
589 2791 714 2868 fugitivis
736 2791 992 2852 conmunicavisse.
1036 2791 1088 2853 Set
1097 2792 1139 2852 57

103 2874 286 2953 postquam
278 2892 308 2934 ιιι
329 2882 421 2935 castra
442 2878 561 2937 nuntius
577 2875 710 2952 pervenit
731 2873 841 2934 Romae
858 2876 1088 2937 coniurationem

104 2958 292 3057 patefactam,
312 2958 351 3019 de
373 2958 495 3019 Lentulo
521 2965 549 3020 et
571 2958 699 3037 Cethego
721 2959 884 3037 ceterisque
895 2978 980 3042 quos
998 2978 1088 3037 supra

104 3044 265 3103 memoravi
287 3041 463 3119 subplicium
485 3049 642 3119 sumptum,
666 3040 807 3120 plerique,
832 3061 905 3120 quos
920 3045 956 3104 ad
978 3043 1088 3104 bellum

105 3143 173 3203 spes
189 3128 359 3203 rapinarum
380 3133 430 3187 aut
445 3144 586 3187 noverum
608 3145 709 3188 rerum
724 3127 852 3187 studium
869 3127 1027 3194 inlexerat,
1044 3126 1086 3184 di·

69 3230 95 3271 es
103 3207 252 3279 labuntur
268 3211 394 3273 relicuos
410 3210 529 3272 Calibus
546 3227 600 3287 per
621 3212 728 3270 montis
742 3228 862 3289 asperos
877 3228 975 3287 megm
965 3212 989 3269 is
1003 3211 1086 3269 itine-

104 3291 217 3354 rrbus
209 3311 240 3354 nr
266 3312 368 3372 agrum
390 3296 598 3357 Pistoriensem
616 3294 734 3355 abducit
755 3312 789 3355 eo
814 3293 948 3361 consilio,
972 3294 1014 3354 uti
1032 3310 1086 3370 per

104 3378 235 3438 tramites
250 3379 363 3440 occulte
378 3380 573 3459 perfugeret
566 3396 596 3439 m
618 3378 739 3440 Galliam
756 3375 1019 3460 [Transalpinaml.
1055 3377 1118 3434 hta.

105 3460 140 3533 Q.
151 3459 282 3522 Metellus
293 3462 376 3525 Celer
392 3483 459 3528 cum
473 3465 569 3530 tribus
579 3461 763 3544 legionibus
757 3479 795 3522 m
804 3459 1117 3538 agennensem·

148 3557 284 3614 smum
947 3555 977 3613 ‘o
