2422 3854
122 201 163 261 44
330 218 374 258 nn
396 216 498 259 nanno
518 215 730 260 murenarum
749 207 896 263 c.13.14.

94 366 252 427 atendere.
293 364 343 426 Set
357 363 409 425 ubi
422 381 471 426 res
492 364 529 424 ad
547 370 695 424 certamen
710 364 796 433 venit,
819 365 912 425 victus
933 382 968 424 ex
987 363 1103 442 proelio

97 449 252 528 aprorugit
271 448 302 508 iu
316 448 496 526 provinciam
511 465 546 508 ae
570 447 674 507 deinde
691 445 816 506 Romam
835 447 991 508 contendit.
1025 447 1105 510 'lum

121 531 261 610 Iugurtha
280 532 402 608 patratis
422 529 562 600 consiliis,
587 536 740 609 postquam
760 531 838 591 omni
853 529 987 591 Numidia
1009 534 1103 608 potie-

122 615 223 683 batur,
244 615 275 674 in
296 615 355 674 otio
377 613 490 675 lacinus
505 631 592 675 suum
607 631 676 674 cum
693 614 789 673 animo
814 619 968 690 reputans,
999 614 1105 676 timere

122 696 264 776 populum
285 698 450 759 Romanum
471 714 568 777 neque
586 697 727 757 advorsus
743 697 818 757 iram
832 697 894 757 eius
910 714 1035 775 usquam
1049 698 1128 758 nisis

97 783 153 842 din
175 781 292 842 auaritia
316 780 473 842 nobilitatis
495 787 524 842 et
544 781 668 858 pecunia
684 797 737 840 sua
758 797 840 858 spem
854 779 974 840 habere.
1003 781 1107 858 Itaque

122 865 223 942 paucis
232 865 335 926 diebus
345 882 413 926 eum
423 882 496 926 auro
508 869 537 925 et
547 869 668 939 argento
678 862 770 924 multo
779 862 904 923 Romam
913 862 1025 940 legatos
1039 866 1107 924 mit·

124 950 171 1017 tit,
191 949 255 1026 qula
276 949 432 1026 praecipit,
455 949 584 1024 primum
604 948 648 1007 uti
669 951 783 1007 veteres
804 948 913 1008 amicos
934 947 1107 1008 muneribus

123 1030 273 1109 expleant,
297 1031 401 1092 deinde
422 1047 513 1091 noros
533 1031 702 1109 adquirant,
730 1035 880 1107 postremo
903 1048 1107 1109 quaecumque

98 1115 236 1192 rpossint
256 1114 412 1190 largiundo
433 1131 539 1191 parare
558 1130 597 1174 ne
618 1118 801 1174 cunctentur.
847 1112 898 1173 Set
916 1113 967 1173 ubi
981 1113 1139 1175 Romamn

124 1197 211 1273 legati
227 1214 335 1259 venere
350 1203 430 1257 etex
445 1202 601 1274 praecepto
615 1196 694 1272 regis
708 1195 871 1273 hospitibus
886 1195 1014 1275 aliisque,
1032 1215 1107 1275 quo·

123 1297 191 1340 rum
207 1297 241 1340 ea
254 1286 425 1357 tempestate
439 1281 470 1340 in
480 1286 584 1340 senatu
598 1280 755 1345 auotoritas
767 1279 904 1357 pollebat,
920 1295 1026 1357 magna
1041 1298 1108 1340 mu·

124 1381 196 1423 nera
204 1364 320 1433 misere,
331 1370 415 1424 tanta
426 1364 604 1424 conmutatio
618 1364 744 1433 incessit,
760 1369 792 1423 ut
804 1382 840 1424 ex
854 1381 990 1424 maxuma
1000 1363 1107 1424 invidia

98 1447 154 1508 8in
168 1448 291 1524 gratiam
306 1452 335 1508 et
350 1447 479 1508 favorem
494 1446 652 1507 nobilitatis
666 1445 808 1522 Iugurtha
823 1448 944 1508 reniret.
973 1447 1106 1518 Quorum

41 1536 42 1540 ’
124 1547 193 1609 pars
208 1548 261 1611 spe
294 1529 342 1592 alii
356 1531 487 1609 praemio
506 1530 617 1591 inducti
634 1529 764 1606 singulos
778 1547 815 1590 ex
829 1536 931 1589 senatu
947 1530 1106 1590 ambiundo
1117 1548 1141 1590 1⁸

99 1614 310 1683 enitebantur,
333 1631 371 1675 ne
385 1615 503 1690 grauius
516 1615 546 1674 in
562 1632 630 1674 eum
646 1611 857 1673 consuleretur.
891 1611 983 1689 Igitur
997 1612 1049 1675 ubi
1064 1612 1108 1674 le-

125 1697 184 1771 gati
205 1697 273 1757 satis
295 1697 459 1767 confidunt,
480 1697 526 1758 die
542 1698 696 1758 constituto
719 1701 837 1756 senatus
856 1697 989 1772 utrisque
1008 1696 1106 1758 datur.

125 1778 201 1839 Tum
221 1778 417 1841 Adherbalem
434 1780 492 1841 hoc
513 1781 600 1841 modo
616 1779 748 1840 locutum
770 1779 953 1856 accepimus:

78 1859 116 1918 14
212 1864 323 1924 ‘Patres
344 1865 517 1942 conscripti,
541 1863 660 1942 llicipsa
680 1868 763 1940 pater
783 1881 868 1923 meus
888 1863 1017 1923 moriens
1035 1862 1108 1923 mibi

126 1949 290 2025 praecepit,
312 1951 355 2010 uti
370 1949 456 2024 regni
469 1947 622 2009 Numidiae
639 1953 751 2006 tantum
766 1947 854 2006 modo
869 1946 1108 2025 procurationem
1117 1965 1141 2007 ao

127 2031 332 2092 existumarem
347 2049 452 2099 meam,
469 2038 599 2091 ceterum
610 2031 655 2089 ius
667 2030 934 2108 ctimperiumeius
949 2046 1040 2108 penes
1056 2047 1109 2090 ros

128 2129 207 2181 esse,
232 2113 317 2173 simul
332 2114 458 2173 eniterer
473 2114 552 2174 domi
572 2113 748 2190 militiaeque
772 2123 860 2191 mam
882 2130 1019 2174 maxumo
1040 2115 1109 2173 usui

128 2212 192 2255 esse
213 2195 322 2275 populo
343 2196 491 2266 Ilomauo,
508 2213 560 2256 vos
580 2195 652 2256 mihi
672 2203 873 2272 cognatorum,
897 2213 949 2256 vos
969 2195 1109 2256 adfinium

126 2278 192 2338 loco
214 2278 369 2340 ducerem:
392 2280 416 2339 si
438 2297 471 2339 ea
492 2279 636 2348 iecissem,
651 2279 681 2340 in
699 2287 796 2340 rostra
816 2281 940 2340 amicitia
962 2280 1108 2340 exercitus

100 2362 238 2423 adluitias
264 2365 443 2424 munimenta
456 2363 540 2440 regni
572 2363 809 2424 mehabiturum.
843 2364 924 2435 Quae
939 2381 1006 2424 cum
1020 2380 1141 2440 prae-as

128 2452 211 2524 cepta
231 2448 360 2526 parentis
375 2448 432 2508 mei
449 2448 599 2523 agitarem,
617 2446 768 2524 Iugurtha,
783 2447 872 2507 homo
888 2447 1018 2507 omnium
1033 2463 1108 2523 quos

126 2536 206 2590 terra
221 2532 343 2591 sustinet
355 2528 615 2600 sceleratissumus,
633 2536 798 2607 contempto
806 2530 931 2607 imperio
937 2534 1035 2588 vostro
1047 2528 1107 2589 Ma-

127 2614 247 2674 sinissae
262 2631 310 2672 me
325 2617 462 2689 nepotem
477 2621 506 2674 et
519 2615 577 2674 iam
591 2614 628 2674 ab
646 2615 735 2690 stirpe
751 2613 864 2672 socium
880 2618 968 2690 atquc
980 2612 1108 2671 amicum

126 2695 228 2772 populi
241 2695 365 2755 Romani
379 2713 472 2774 regno
487 2696 670 2775 fortunisque
690 2693 825 2754 omnibus
847 2694 967 2773 expulit.

101 2789 118 2840 3
211 2779 305 2856 Atque
322 2795 390 2856 ego,
409 2791 508 2859 patres
523 2779 692 2856 conscripti,
716 2777 854 2854 quoniam
869 2796 904 2839 eo
921 2780 1108 2841 miseriarum
1116 2802 1142 2843 eo

126 2868 266 2922 venturus
288 2879 383 2933 oram,
404 2862 508 2925 vellem
528 2864 624 2940 potius
644 2860 681 2920 ob
701 2877 768 2920 mea
793 2878 882 2939 quam
902 2863 939 2922 ob
962 2864 1108 2924 maiorum

127 2961 262 3005 meorum
278 2943 412 3007 benificia
432 2965 550 3026 possem
565 2962 582 3005 a
597 2943 679 3004 robis
698 2943 839 3006 auxilium
852 2952 963 3024 petere,
987 2963 1022 3004 ac
1042 2963 1106 3005 ma-

127 3045 216 3089 xume
236 3027 337 3089 deberi
355 3030 427 3091 mihi
441 3029 605 3091 benificiaa
622 3026 731 3106 populo
749 3028 891 3098 Romano,
916 3027 1023 3106 quibus
1044 3045 1105 3089 non

130 3128 261 3190 egerem,
284 3112 446 3174 secundum
468 3131 516 3181 ea,
540 3112 565 3170 si
586 3110 779 3193 desideranda
807 3118 906 3179 erant,
935 3112 978 3170 uti
1000 3111 1107 3171 debitis

101 3201 236 3256 auterer.
271 3194 323 3256 Set
342 3196 480 3274 quoniam
504 3211 610 3271 parum
626 3201 688 3257 tuta
702 3212 756 3272 per
778 3211 810 3254 se
825 3197 888 3271 ipsa
906 3193 1037 3273 probitas
1052 3201 1141 3265 esto

128 3296 225 3357 neque
243 3278 314 3338 mihi
333 3279 364 3338 iu
383 3295 472 3339 manu
488 3277 541 3339 luit
555 3278 695 3356 Iugurtha
713 3276 805 3356 qualis
820 3277 904 3347 foret,
921 3279 957 3338 ad
971 3296 1023 3339 vos
1037 3295 1108 3338 oon·

130 3361 200 3436 fugi,
216 3368 316 3439 patres
330 3362 496 3441 conscripti,
512 3361 626 3441 quibus,
650 3361 728 3442 quod
744 3360 816 3420 mihi
830 3361 1038 3421 miserrumum
1054 3367 1107 3431 est,

127 3459 220 3517 cogor
234 3445 323 3521 prius
346 3446 429 3506 oneri
451 3464 539 3526 quam
553 3448 620 3508 usui
641 3463 714 3508 esse.
