2422 3854
140 223 181 284 46
379 239 423 282 un
442 237 545 280 annno
566 236 768 282 metrumne
791 236 817 281 o.
841 232 881 283 14.

139 388 218 456 stitit,
236 388 278 448 uti
295 388 325 447 in
339 384 475 447 omnibus
490 384 574 447 bellis
589 384 704 446 adesset
717 383 818 447 vobim
833 402 888 446 nos
901 385 945 446 uti
960 400 1015 464 per
1032 379 1125 447 otium

139 472 194 533 tuti
215 472 315 539 simus,
337 471 367 530 in
388 475 486 530 vostra
504 486 594 531 manu
616 474 667 537 cst,
687 474 786 547 patros
804 468 970 548 conscripti

99 563 131 615 14
223 553 311 615 Pater
325 569 379 613 nos
390 552 464 613 duos
479 553 586 614 fratres
599 551 728 630 reliquit,
750 553 870 614 tertium
885 550 1058 630 Iugurtham
1072 550 1125 614 he·

140 637 244 697 niflciis
260 638 321 697 suis
336 643 416 697 ratus
437 642 482 698 est
499 638 689 698 coniunctum
705 635 791 697 nohis
810 634 884 698 toro.
920 635 1002 697 Alter
1022 653 1127 698 eorum

100 730 131 781 15
141 726 262 780 necatus
279 727 331 791 est,
347 719 467 781 alterius
485 721 550 800 ipse
565 737 621 796 ago
637 736 742 780 manus
756 720 849 799 inpias
865 721 912 781 vix
927 719 1024 797 effugi.
1050 717 1147 790 Quids

141 803 245 880 agaml
261 809 311 864 aut
327 821 385 883 quo
396 805 591 885 potissumum
604 802 704 864 infelix
719 803 880 864 adcedaml
900 802 1023 865 Generis
1037 819 1125 882 prae·

141 887 212 947 sidia
232 889 329 948 omnia
349 893 475 948 exuncta
499 894 581 948 sunt:
603 893 697 964 pater,
713 890 756 947 uti
777 903 897 948 necesse
913 892 984 956 erat,
1001 891 1126 948 naturae

142 972 300 1032 concessit:
317 971 416 1039 tratri,
435 989 523 1049 quem
542 971 672 1030 minume
688 969 799 1039 decuit,
821 970 981 1049 propincus
992 987 1047 1049 per
1061 987 1124 1030 sce·

140 1052 187 1114 lus
203 1055 292 1115 vitam
308 1055 429 1132 eripuit:
452 1053 554 1114 adfinis
580 1053 689 1113 amicos
714 1053 897 1131 propinquos
914 1059 1028 1114 ceteros
1042 1069 1126 1114 meos

142 1136 230 1197 alium
244 1137 299 1197 alia
321 1135 419 1197 clades
434 1134 594 1215 obpressit:
616 1136 692 1214 capti
712 1134 750 1195 ab
765 1135 906 1213 Iugurtha
921 1152 990 1216 pars
1004 1137 1034 1197 in
1058 1154 1126 1197 cru·
1135 1153 1159 1196 so

142 1237 207 1280 com
229 1222 301 1288 acti,
321 1234 390 1298 pars
411 1217 512 1280 bestiis
533 1218 639 1280 obiecti
653 1226 732 1299 sunt,
764 1221 866 1298 pauci,
890 1218 996 1300 quibus
1023 1219 1127 1281 relicta

143 1314 187 1367 est
208 1307 318 1374 anima,
342 1303 434 1365 clausi
455 1301 644 1373 intenebris,
661 1321 729 1364 cum
744 1320 880 1365 maerore
896 1310 925 1364 et
937 1302 1018 1365 luctu
1029 1309 1127 1364 morto

142 1386 306 1462 graviorem
324 1387 412 1446 vitam
432 1386 560 1462 exigunt.

101 1474 135 1525 16
231 1468 262 1530 Si
283 1470 394 1538 omnia,
417 1485 491 1549 quae
514 1476 564 1530 aut
585 1470 667 1529 amisi
688 1478 738 1530 aut
758 1487 794 1532 ox
815 1471 987 1532 necessariis
1002 1470 1125 1531 advorsa

143 1552 219 1614 iacta
234 1558 317 1623 sunt,
329 1551 486 1613 incolumia
501 1559 663 1624 manerent,
675 1559 788 1623 tamen,
801 1554 826 1614 si
842 1553 910 1632 quid
926 1570 962 1614 an
976 1553 1125 1631 inproviso
1135 1571 1160 1614 ss

142 1635 211 1696 mali
233 1635 400 1704 accidisset,
423 1653 474 1696 vos
493 1635 682 1715 inplorarem,
704 1642 803 1714 patros
825 1637 995 1714 conscripti,
1018 1635 1127 1713 quibus

143 1735 198 1796 pro
218 1718 417 1796 magnitudine
425 1719 533 1797 imperi
541 1720 587 1779 ius
605 1727 634 1780 et
645 1719 766 1781 iniurias
781 1719 874 1779 omnis
890 1735 978 1780 curae
994 1735 1058 1780 essa
1075 1719 1127 1780 de·

103 1815 133 1865 17
145 1807 199 1863 cet.
237 1801 324 1863 Nunc
337 1818 408 1863 varo
422 1801 489 1863 exul
504 1803 598 1880 patria
616 1803 712 1873 domo,
728 1801 808 1864 solus
825 1808 912 1882 atque
928 1801 1058 1863 omnium
1071 1802 1127 1863 ho·

142 1891 293 1946 nestarum
307 1902 409 1947 rerum
431 1901 536 1963 egens,
558 1905 616 1964 quo
634 1886 775 1948 adcedam
812 1892 862 1948 aut
876 1903 950 1966 quos
963 1884 1126 1965 adpelleml

143 1970 315 2030 nationesne
345 1987 381 2029 an
407 1986 509 2046 reges,
534 1971 583 2048 qui
605 1986 706 2031 omnes
727 1968 853 2030 familiae
874 1975 993 2030 nostrae
1015 1969 1053 2030 ob
1075 1987 1161 2034 roso

144 2058 235 2111 stram
249 2053 403 2113 amicitiam
418 2053 514 2114 infesti
529 2054 615 2113 sunt?
639 2053 684 2113 An
700 2070 848 2132 quoquam
863 2051 935 2113 mihi
950 2053 1030 2114 adire
1047 2053 1124 2123 licet,

144 2135 196 2195 ubi
206 2152 266 2194 non
277 2137 422 2196 maiorum
433 2154 567 2198 meorum
578 2135 692 2197 hostilia
706 2143 897 2197 monumenta
910 2135 1047 2215 pluruma
1058 2138 1124 2206 sint,

145 2225 195 2279 aut
216 2219 369 2297 <plusquam
390 2223 483 2282 nostri
501 2220 636 2280 misereri
655 2225 766 2297 potest,
795 2220 845 2300 qui
867 2219 1021 2300 aliquando
1043 2217 1126 2280 vobis

144 2301 236 2360 hostis
257 2301 330 2362 luit?
517 2362 523 2374 ,

104 2392 134 2443 18
228 2385 380 2449 Postremo
396 2385 546 2448 Masinissa
565 2404 620 2447 nos
638 2389 677 2448 ita
693 2388 829 2458 instituit,
845 2393 944 2466 patres
959 2387 1125 2464 conscripti,
1135 2407 1160 2448 as

144 2487 182 2530 ne
196 2486 284 2548 quem
307 2470 470 2532 coleremus
491 2472 547 2532 nisi
566 2471 707 2552 populum
721 2470 897 2538 Romanum,
919 2487 957 2530 nc
975 2470 1127 2530 societates

144 2571 202 2615 neu
214 2552 334 2614 loedera
345 2571 419 2614 nova
430 2555 643 2631 acciperemus,
662 2553 778 2613 abunde
793 2568 899 2628 magna
913 2552 1057 2631 praesidia
1073 2570 1127 2612 no·

144 2637 189 2698 bis
208 2638 238 2696 in
254 2643 350 2696 vostra
372 2636 496 2696 amicitia
511 2636 589 2697 lore:
610 2638 634 2696 si
649 2636 719 2695 huic
727 2634 853 2712 imperio
865 2635 982 2695 fomuna
997 2641 1126 2698 mutare·

104 2727 207 2786 latur,
224 2736 282 2779 una
298 2717 491 2780 occidundum
501 2717 586 2779 nobis
600 2735 672 2779 esse.
707 2717 820 2778 Virtute
836 2736 871 2779 ac
887 2718 948 2779 deis
962 2719 1127 2781 volentibus

144 2802 244 2876 magni
258 2801 327 2860 estis
341 2807 370 2861 et
386 2800 528 2878 opulenti,
545 2802 642 2861 omnia
653 2800 781 2862 secunda
797 2808 827 2862 et
841 2801 1025 2865 oboedientia
1041 2809 1126 2865 sunt:
1136 2829 1162 2871 cc

145 2900 203 2961 quo
224 2881 337 2942 facilius
358 2884 506 2944 sociorum
526 2884 646 2945 iniurias
664 2901 770 2945 curare
790 2883 867 2947 licat.

103 2980 137 3031 20
230 2965 356 3026 Tantum
374 2965 445 3028 illud
463 2985 582 3037 vereor,
608 2986 645 3028 ne
661 2985 735 3048 quos
752 2969 862 3047 privata
883 2971 1007 3031 amicitia
1021 2969 1127 3047 Iugur·

145 3049 212 3111 thae
233 3066 338 3128 parum
361 3052 475 3129 cognita
489 3057 672 3112 transvorsos
694 3058 778 3130 agat,
802 3071 876 3133 quos
890 3070 945 3132 ego
961 3053 1047 3114 audio
1064 3072 1112 3114 ma

145 3150 233 3195 xuma
255 3151 311 3215 opo
332 3135 401 3205 niti,
425 3134 537 3196 ambire
558 3135 680 3212 fatigare
698 3153 749 3196 vos
770 3137 914 3214 singulos,
937 3154 975 3196 nc
998 3137 1068 3218 quid
1090 3138 1139 3219 de,

146 3218 265 3281 absente
280 3219 427 3296 incognita
449 3236 536 3281 causa
558 3221 705 3282 statuatis:
733 3220 844 3297 tingere
860 3219 1011 3281 menerba
1030 3229 1059 3282 et
1080 3221 1125 3281 lu·
1138 3247 1162 3288 cc

105 3317 136 3367 21
147 3321 213 3382 gam
229 3302 375 3374 simulare,
399 3305 445 3365 cui
463 3303 578 3365 licuerit
594 3306 727 3381 inregno
745 3320 872 3364 manere.
908 3301 992 3373 Quod
1015 3305 1126 3365 utinam

146 3385 243 3457 illurn,
265 3388 368 3467 quoius
381 3389 461 3467 inpio
476 3387 606 3449 facinora
624 3389 655 3449 in
670 3388 723 3448 has
738 3386 869 3447 mnorias
885 3389 1033 3466 proiectus
1051 3405 1126 3459 sum,

137 3469 243 3529 eadem
258 3471 337 3532 daec
349 3471 538 3536 simulantem
555 3473 678 3545 videam,
701 3477 731 3534 at
744 3469 898 3550 aliquando
917 3479 967 3533 aut
984 3472 1062 3551 apud
1076 3489 1128 3533 vos
