2422 3854
156 205 197 267 62
363 225 407 267 ou
429 223 533 267 annuo
553 222 754 267 wevernmo
778 222 806 266 o.
825 214 868 270 att
885 214 929 271 89.

157 375 328 451 intempesta
341 376 428 432 nocte
445 369 482 431 de
498 371 645 447 inproviso
659 370 844 433 multitudine
863 369 1055 432 Numidarum
1070 369 1138 434 luti

131 464 252 517 oeastra
274 455 471 516 circumvenit.
514 453 618 516 Milites
639 454 777 524 Romani,
797 452 925 531 perculsi
946 453 1072 515 tumultu
1091 455 1138 516 iu·

157 539 256 607 solito,
279 556 360 599 arma
379 554 485 615 mpero
504 535 564 607 alii,
589 536 636 598 alii
650 556 683 600 se
702 537 825 607 abdere,
848 553 916 615 pars
931 538 1048 598 territos
1064 555 1136 598 con·

49 652 52 659 ·
156 623 290 690 firmare,
313 620 461 699 trepidare
483 619 617 682 omuibus
631 621 716 682 locis:
739 622 781 682 vis
794 636 900 698 magna
916 620 1052 690 hostium,
1069 638 1136 683 cae·

157 705 217 766 lum
239 712 325 766 nocte
347 711 434 783 atque
455 703 583 766 nubibus
601 704 803 774 obscuratum,
826 703 990 782 periculum
1011 719 1159 782 ancepszs

131 795 148 847 o
156 795 306 867 postremo
320 789 423 866 lugere
441 805 478 848 an
491 804 612 849 manere
625 788 715 849 tutius
725 788 802 848 foret
816 788 847 848 in
861 789 974 850 incerto
989 793 1060 848 erat
1084 786 1138 849 Set

157 890 193 933 ex
214 890 248 933 eo
262 890 396 942 numero,
418 888 492 951 quos
513 871 600 949 paulo
614 878 681 933 ante
697 877 855 949 conruptos
876 869 1011 941 diximus,
1028 869 1136 932 cohors

156 973 214 1016 una
226 956 367 1034 Ligurum
382 973 449 1017 cum
466 954 579 1016 duabus
594 956 697 1017 turmis
710 953 858 1016 Threcum
873 961 902 1016 et
915 955 1016 1032 paucis
1030 969 1135 1031 grega-

156 1041 207 1100 riis
218 1038 358 1100 militibus
372 1038 514 1099 transiere
530 1039 567 1098 ad
577 1055 694 1117 regem,
717 1043 748 1099 et
759 1039 890 1099 centurio
904 1038 991 1115 primi
1004 1037 1055 1116 pili
1075 1043 1135 1098 ter·

156 1124 213 1183 tiae
230 1121 353 1199 legionis
372 1139 428 1200 per
447 1121 646 1192 munitionem,
665 1138 752 1201 quam
766 1122 808 1182 uti
826 1120 996 1182 defenderet
1012 1137 1168 1200 accepero

157 1212 215 1276 rat,
231 1206 329 1266 locum
346 1203 477 1266 hostibus
490 1203 657 1266 introeundi
671 1203 757 1275 dedit,
774 1222 866 1283 eaque
881 1204 1021 1266 Numidae
1037 1205 1136 1265 cuncti

132 1289 305 1365 oinrupere.
336 1288 434 1350 Nostri
449 1286 533 1349 foeda
548 1287 632 1367 luga,
654 1288 787 1367 plerique
803 1287 922 1350 abiectis
940 1289 1041 1357 armis,
1063 1303 1134 1365 pro·

132 1382 280 1433 aruinum
301 1370 405 1433 collem
427 1388 617 1449 occupavere.
657 1371 721 1433 Nox
742 1377 829 1450 atque
845 1372 955 1453 praeda
970 1378 1134 1433 castrorum

130 1454 261 1525 thostis,
278 1471 337 1534 qno
351 1456 448 1517 minus
461 1456 580 1516 victoria
591 1461 753 1525 uterentur,
766 1464 913 1518 remorata
927 1461 1004 1516 sunt.
1022 1453 1133 1516 Deinde

156 1538 298 1616 Iugurtha
319 1546 437 1618 postero
459 1537 505 1600 die
527 1555 592 1598 cum
615 1538 688 1599 Aulo
710 1540 740 1599 in
763 1538 916 1618 conloquio
938 1538 1027 1600 verba
1048 1538 1166 1598 iacitzu

157 1624 270 1683 tametsi
284 1624 381 1701 ipsum
395 1639 463 1682 oum
477 1621 606 1682 exercitu
623 1621 699 1683 fame
715 1628 744 1683 et
762 1623 842 1683 ferro
862 1622 993 1683 clausum
1006 1627 1132 1690 teneret,

157 1710 254 1766 tamen
276 1721 308 1765 se
328 1721 490 1766 memorem
510 1704 705 1766 humanarum
725 1722 839 1774 rorum,
861 1705 886 1765 si
907 1721 1008 1765 secum
1028 1703 1135 1775 foedus

157 1787 281 1856 laceret,
302 1786 455 1849 incolumis
474 1789 567 1848 omnis
586 1788 641 1850 sub
662 1789 763 1865 iugum
784 1788 956 1849 missurum:
977 1792 1133 1866 practerea

117 1873 203 1932 louti
223 1869 326 1932 diebus
357 1870 459 1932 decem
480 1870 614 1933 Numidia
640 1871 804 1932 decederet.
847 1872 928 1944 Quae
954 1886 1133 1949 quamquam

156 1955 253 2030 gravia
279 1961 308 2015 et
333 1955 423 2034 flagiti
444 1953 531 2033 plena
561 1961 651 2024 eraut,
673 1961 784 2025 tamen,
812 1956 878 2034 quia
902 1956 1005 2015 mortis
1021 1960 1165 2018 metune

154 2038 359 2108 intuebantur,
382 2040 465 2099 sicuti
485 2040 550 2114 regi
567 2037 718 2107 lubuerat,
738 2054 795 2115 pax
810 2039 951 2098 convenit.

107 2125 146 2187 39
241 2122 292 2182 Set
303 2120 354 2182 ubi
366 2138 399 2183 ea
415 2120 525 2182 Romae
540 2126 679 2199 conperta
690 2126 772 2189 sunt,
795 2126 890 2182 metus
905 2127 992 2200 atque
1014 2138 1131 2183 maeror

157 2205 300 2265 civitatem
321 2206 461 2265 invasere.
494 2205 566 2265 Pars
588 2202 688 2265 dolere
704 2220 760 2282 pro
775 2204 866 2282 gloria
876 2206 1068 2286 tmperipars
1086 2205 1131 2266 in·

156 2287 238 2349 solita
258 2305 359 2349 rerum
378 2287 550 2349 bellicarum
577 2287 681 2348 timere
701 2285 841 2348 libertati:
870 2287 944 2348 Aulo
965 2305 1067 2348 omnes
1086 2290 1131 2348 in·

156 2372 232 2442 sesti,
257 2389 292 2432 ao
312 2389 448 2433 maxume
469 2372 519 2450 qui
532 2368 609 2432 bello
632 2388 719 2450 saepe
740 2370 884 2448 praeclari
904 2372 1030 2442 fueraut,
1053 2371 1163 2449 quodsi

158 2463 287 2516 armatus
304 2454 447 2517 dedecore
467 2454 564 2532 potius
584 2473 671 2533 quam
687 2470 776 2515 manu
797 2453 918 2516 salutem
939 2457 1130 2535 quaesiverat

131 2537 201 2600 20b
218 2556 252 2600 ea
266 2538 367 2600 consul
388 2537 509 2598 Albinus
529 2554 566 2598 ex
586 2537 690 2599 delicto
712 2538 810 2598 fratris
826 2537 962 2599 invidiam
975 2556 1010 2600 ac
1026 2538 1131 2600 deindo

155 2622 318 2700 periculum
331 2623 437 2682 timens
449 2626 583 2680 senatum
597 2620 633 2682 de
648 2620 767 2682 loedere
785 2620 968 2692 consulebat,
990 2628 1132 2684 ettamen

155 2707 272 2765 interim
293 2705 434 2767 exercitui
455 2702 690 2781 subplementum
712 2701 858 2774 seribere,
878 2705 914 2765 eb
929 2705 1016 2766 sociis
1035 2715 1064 2766 et
1077 2724 1130 2766 no·

155 2787 234 2846 mine
248 2786 351 2847 Latino
366 2788 470 2848 auxilia
485 2803 652 2856 accersere,
673 2784 798 2864 denique
817 2788 952 2849 omnibus
966 2788 1060 2850 modis
1073 2789 1163 2854 ies-so

131 2870 257 2929 ttinere.
292 2869 416 2930 Senatus
431 2873 471 2931 ita
481 2871 524 2930 uti
540 2886 594 2947 par
609 2869 705 2930 luerat
718 2870 848 2931 decernit
865 2889 920 2932 suo
930 2879 1016 2950 atque
1028 2872 1131 2949 populi

128 2951 266 3015 tiniussu
287 2951 401 3013 nullum
421 2954 550 3031 potuisse
570 2952 673 3014 foedus
694 2954 766 3014 lieri.
816 2952 924 3016 Consul
945 2953 1090 3031 inpeditus
1113 2972 1129 3015 a

156 3034 280 3095 tribunis
302 3033 399 3113 plebei
419 3053 457 3096 ne
479 3053 550 3115 quas
572 3044 725 3115 paraverat
747 3039 845 3116 copias
865 3054 965 3098 secum
987 3042 1128 3114 portaret,

155 3119 256 3197 paucis
278 3118 380 3181 diebus
400 3120 431 3179 in
453 3119 581 3180 Africam
600 3121 807 3199 proficiscitur:
835 3137 905 3181 nam
930 3120 1024 3178 omnis
1045 3138 1129 3180 exer·

156 3204 239 3272 citus,
255 3205 297 3265 uti
318 3208 501 3276 convenerat,
518 3202 653 3265 Numidia
676 3203 819 3265 deductus
848 3203 878 3262 in
896 3203 1045 3279 provincia
1067 3204 1168 3278 hie-es·

131 3285 262 3347 omabat.
284 3288 440 3365 Postquam
454 3304 490 3348 eo
510 3287 600 3357 venit,
620 3303 796 3366 quamquam
808 3285 946 3363 persequi
958 3285 1130 3362 Iugurtham

157 3375 186 3427 et
206 3369 318 3431 mederi
337 3377 483 3432 maternae
501 3370 625 3433 invidiae
647 3373 743 3431 animo
763 3366 897 3437 ardebat,
927 3370 1049 3446 cognitis
1074 3373 1130 3432 mi·

154 3449 269 3523 litibus,
293 3470 366 3534 quos
389 3461 508 3534 praeter
532 3454 631 3534 lugam
654 3457 748 3516 soluto
763 3449 887 3531 imperio
905 3451 1021 3516 licentia
1042 3461 1129 3535 atque
