2422 3854
263 216 306 259 777
328 215 431 260 nunno
454 215 655 261 7777777777
677 215 704 259 7.
727 207 769 262 71.
790 206 833 262 tt.
855 207 898 263 ie.
1032 199 1069 260 81

91 365 254 426 cruciatum
273 361 380 424 mallet.
404 363 456 426 Set
471 379 538 425 cum
552 380 606 424 eae
619 362 732 427 litterae
755 363 881 434 adlatae,
902 364 978 425 torte
992 363 1069 425 Nab-
1080 368 1116 426 71

92 445 173 509 717177
193 448 321 508 exercite
339 462 463 525 corpore
480 446 574 508 lessus
597 447 629 506 in
649 445 730 513 lecto,
740 446 916 526 quiescebat,
933 445 984 508 ubi
1001 457 1096 526 cog-2

91 531 158 595 nitis
173 529 344 591 Bomilcaris
360 529 457 591 verbis
472 531 567 608 primo
584 545 664 598 cora,
682 529 796 601 deinde,
817 532 860 592 uti
872 547 995 608 aegrum
1011 533 1072 592 ani·

92 630 175 674 mum
194 612 288 682 solet,
309 630 430 674 somnus
451 613 536 691 cepit.
570 611 642 674 Erat
657 615 683 675 ei
698 612 822 675 Numida
844 614 962 693 quidam
978 621 1097 692 nego-3

28 770 31 775 ¹
69 698 201 758 77177777
216 702 349 767 curator,
368 697 445 758 lidus
464 702 660 774 acceptusque
681 704 711 757 et
731 699 862 758 omnium
885 697 1073 760 consiliorum

92 781 148 840 nisi
161 780 319 841 novissumi
329 780 485 858 particeps.
508 777 564 849 Qui
574 786 730 858 postquam
744 779 854 847 adlatas
866 779 977 842 litteras
991 781 1099 843 audi-4

91 865 131 924 rit
153 870 182 924 77
203 881 239 924 77
262 863 473 925 consuetudine
494 869 576 923 ratus
597 879 687 939 opera
709 863 971 940 77717777717777
999 882 1073 944 opus

93 963 156 1008 esse
183 949 214 1008 in
241 944 465 1008 7717777771777
486 946 611 1015 introiit,
641 944 804 1008 dormiente
831 945 880 1009 illo
908 946 1071 1025 epistulam,

93 1047 182 1107 super
206 1037 293 1108 caput
311 1031 341 1090 in
362 1028 481 1108 pulvino
502 1038 614 1090 temere
636 1031 770 1107 positam,
787 1031 876 1093 sumit
890 1048 924 1092 ac
935 1028 1072 1108 perlegit,

60 1136 83 1177 77
95 1113 162 1174 71717
183 1131 312 1193 propere
332 1114 454 1190 cogntus
471 1113 582 1175 insidiis
600 1112 638 1174 ad
658 1129 760 1191 regem
777 1115 881 1193 pergit.
926 1112 1099 1174 Nabdalsat

92 1194 179 1276 paulo
201 1204 268 1274 post
291 1204 496 1274 experrectus,
523 1195 575 1258 ubi
602 1213 699 1276 neque
721 1196 874 1277 epistulam
894 1199 1025 1278 repperit
1046 1205 1075 1259 et

91 1297 157 1341 rem
173 1296 291 1340 omnem
305 1281 348 1339 uti
362 1285 424 1340 ecta
440 1288 504 1340 erat
517 1281 662 1357 coguovit,
684 1281 780 1359 primo
795 1281 920 1343 indicem
936 1282 1074 1361 persequi

93 1370 231 1437 conatus,
243 1368 398 1440 postquam
408 1361 438 1425 id
447 1361 558 1425 frustra
568 1363 636 1432 1717,
653 1362 826 1440 Iugurtham
835 1363 970 1442 placandi
981 1365 1074 1441 gratia

93 1445 223 1507 7717771177
245 1444 328 1515 dicit,
346 1463 420 1524 quae
436 1445 500 1524 ipse
515 1447 676 1524 paravisset
689 1448 802 1517 177777,
824 1447 946 1525 perfidia
961 1445 1075 1507 71177717

58 1551 83 1593 77
93 1530 139 1590 771
158 1535 330 1606 praeventa:
348 1526 515 1591 lacrumans
537 1527 698 1591 obtestatur
712 1548 766 1608 per
785 1531 940 1591 amicitiam
960 1547 1074 1609 perque

93 1630 146 1673 sua
167 1620 251 1674 antea
265 1612 388 1674 1171711777
401 1620 466 1675 acta
481 1631 520 1674 ne
534 1630 624 1692 super
638 1612 687 1674 tali
700 1613 812 1676 scelere
827 1619 996 1693 suspectum
1010 1629 1075 1674 sese

92 1695 224 1758 haberet.
267 1696 311 1758 Ad
334 1714 368 1757 ea
387 1714 454 1768 rex,
482 1695 565 1758 aliter
580 1705 667 1776 atque
688 1699 785 1761 animo
806 1697 936 1776 gerebat,
957 1696 1122 1776 placide72

94 1779 255 1857 respondit.
278 1777 442 1841 Bomilcare
457 1779 577 1859 aliisque
592 1780 699 1851 multis,
712 1798 786 1860 quos
796 1782 892 1843 socios
901 1781 1073 1843 insidiarum

84 1870 287 1939 ‚cognoverat
316 1862 476 1923 interiectis
502 1864 577 1923 iram
603 1862 807 1943 obpresserat,
834 1880 873 1924 ne
894 1882 951 1943 qua
974 1882 1010 1926 ex
1037 1880 1072 1924 eo

56 1969 83 2010 77
93 1947 210 2023 negotio
229 1945 331 2007 sedito
347 1952 491 2007 oreretur.
521 1945 623 2025 Neque
644 1955 711 2025 post
723 1947 753 2008 id
766 1946 900 2008 locorum
914 1945 1099 2025 Iugurthaet

92 2029 154 2090 71177
175 2036 226 2091 777
253 2028 391 2092 nonulla
413 2029 509 2108 quieta
531 2031 601 2092 luit:
630 2047 727 2109 neque
750 2030 816 2092 loco
834 2046 932 2110 neque
957 2031 1077 2093 mortali

92 2115 227 2191 cuiquam
249 2121 299 2174 aut
321 2115 447 2192 tempori
472 2115 541 2176 satis
562 2113 699 2185 credere,
732 2114 801 2176 civis
822 2115 971 2194 hostisque
994 2115 1072 2176 iuxta

88 2203 232 2264 metuere,
248 2197 493 2274 cbeumspectare
511 2200 607 2259 omnia
621 2204 650 2260 et
670 2200 750 2261 omni
767 2200 892 2277 strepitu
905 2215 1072 2277 pavescere,

90 2277 147 2340 alio
163 2287 250 2357 atque
265 2277 321 2339 alio
334 2278 409 2349 loco,
424 2297 512 2358 saepe
526 2288 628 2342 contra
643 2282 732 2344 717777
745 2285 861 2359 regium
875 2290 965 2343 noctu
975 2282 1073 2359 requi-

56 2385 82 2427 77
93 2379 207 2431 escere,
234 2361 383 2423 interdum
395 2379 499 2423 77777777
513 2370 703 2440 experrectum
717 2364 845 2442 adreptis
860 2366 950 2425 armis
963 2361 1070 2423 tumul·

91 2453 154 2508 tum
174 2445 289 2506 facere:
311 2446 350 2506 ita
370 2444 524 2507 formidine
547 2446 629 2523 quasi
645 2446 780 2507 vecordia
803 2448 952 2524 exagitari.

175 2529 269 2606 Igitur
285 2526 431 2598 Metellus,
454 2526 559 2589 ubido
579 2544 648 2589 casu
666 2527 837 2590 Bomilcaris
855 2537 884 2590 et
900 2529 1006 2591 indicio
1018 2535 1113 2608 padre

91 2612 196 2673 7717777
212 2630 247 2673 77
267 2611 398 2690 perfugis
414 2613 563 2688 cognovit,
585 2628 688 2673 rursus
705 2621 854 2692 umquam
872 2613 909 2674 ad
923 2614 1071 2689 integrum

91 2693 201 2755 bellum
221 2701 325 2756 cuncta
345 2703 430 2773 parat
455 2693 639 2774 festinatque.
689 2695 825 2766 Marium,
845 2697 1012 2774 fatigantem
1035 2695 1097 2758 der

54 2778 271 2858 enprolectiene
292 2778 379 2838 simul
400 2786 429 2839 et
450 2780 573 2841 1777177777
596 2786 624 2840 77
646 2779 800 2841 obtensum
818 2779 874 2840 sibi
886 2797 991 2857 parum
1009 2780 1072 2841 ido·

91 2879 186 2923 neum
207 2867 303 2930 ratus,
329 2861 448 2923 domurn
469 2861 593 2924 dimittit.

174 2943 212 3005 Et
234 2943 345 3005 Romae
365 2942 468 3023 plebes
488 2946 605 3017 litteris,
634 2965 708 3025 quae
731 2947 767 3007 de
788 2945 904 3008 Metello
924 2964 960 3007 ac
980 2945 1098 3007 Marica

91 3029 197 3089 missae
214 3034 313 3097 erant,
337 3029 461 3104 cognitis
479 3030 585 3091 volenti
607 3032 702 3092 animo
724 3030 761 3091 de
782 3029 927 3093 ambobus
949 3045 1071 3105 accepe-

91 3119 167 3172 rant.
207 3112 382 3194 Imperatori
403 3110 557 3182 nobilitas,
580 3130 657 3193 quae
679 3122 766 3174 antea
787 3112 889 3175 decori
910 3114 979 3180 1717,
998 3111 1097 3177 inni-c

57 3219 83 3261 77
92 3194 156 3256 diae
171 3211 250 3256 esse:
265 3192 350 3254 771111
367 3193 452 3255 alteri
465 3196 583 3272 generis
596 3194 742 3256 humilitas
755 3194 886 3256 17777777
902 3193 1069 3256 addiderat.

92 3288 224 3339 ceterum
241 3277 271 3337 in
293 3285 420 3356 7177777
441 3279 533 3356 magis
549 3277 643 3338 studia
663 3279 791 3360 partium¹
812 3297 900 3357 quam
920 3279 999 3340 bona
1020 3290 1071 3339 aut

91 3359 167 3421 mala
185 3377 238 3420 sua
260 3359 420 3422 moderata.
451 3360 606 3422 Praeterea
623 3358 1099 3442 seditiosimagietratusvolgume

92 3445 252 3522 exagitare,
276 3442 423 3506 Metellum
439 3444 574 3506 omnihus
589 3444 772 3507 contionibus
786 3444 888 3521 capitis
909 3463 1067 3527 arcessere,

140 3542 273 3596 87777777.
897 3543 918 3605 6
