2422 3854
117 150 204 238 ¹104
329 167 373 211 ns
393 162 496 211 annno
517 163 717 210 rvavarmuo
741 163 770 209 o.
794 157 853 213 106.
874 139 944 212 lob

142 315 297 379 adveniens
315 319 500 393 quaestorem
522 313 647 392 adpellat
661 313 788 392 dicitque
807 329 840 374 se
860 331 876 373 a
897 320 982 391 patre
1004 311 1123 380 Bocche

142 399 258 460 obviam
283 396 338 458 illis
366 395 451 457 simul
479 404 508 458 et
529 398 673 473 praesidio
694 399 824 459 missum.
872 396 982 458 Deinde
1003 416 1072 459 eum
1093 409 1123 462 et

116 495 133 545 2
142 499 319 561 proxumum
334 480 411 540 diem
428 481 490 541 sina
504 487 585 541 metu
600 481 746 542 coniuncti
768 488 846 541 eunt.
870 479 941 541 Post
958 479 1009 542 ubi
1026 489 1122 546 castra

141 566 235 626 locata
251 572 280 624 et
298 563 355 623 diei
371 579 473 641 vesper
491 569 563 634 erat,
579 570 701 642 repente
714 563 833 625 blaurus
847 564 959 624 incerto
973 563 1052 625 voltu
1070 583 1122 644 pa·

142 665 213 710 vens
227 647 264 708 ad
283 645 392 708 Sullam
410 645 540 707 adcurrit
554 646 680 725 dicitque
695 645 751 708 sibi
772 665 809 707 ex
822 645 1054 724 speculatoribus
1072 667 1144 712 co·s

143 732 271 810 gnitum,
301 728 471 807 Iugurtham
498 729 570 789 haut
589 730 694 807 procul
715 729 832 790 abesse:
862 728 948 791 simul
968 731 1012 791 uti
1031 742 1122 794 noctu

115 813 218 876 sclam
239 830 340 874 securn
360 811 540 890 profugeret,
562 819 647 890 rogat
665 818 752 890 atque
770 813 914 873 hortatur.
959 812 1010 876 llle
1025 816 1122 876 eninm

143 896 235 959 feroci
251 901 339 972 negat
354 912 387 957 ss
406 897 512 957 totiens
529 895 626 957 lusum
644 896 799 957 Numidam
819 896 1042 974 pertimescere:
1062 900 1122 958 vir·

141 981 197 1042 tuti
218 997 340 1041 suorum
365 980 434 1039 satis
456 978 593 1040 credere:
620 981 707 1039 etiam
732 979 757 1038 si
782 986 859 1039 certa
887 981 976 1055 pestis
996 981 1120 1052 adesset,

142 1080 314 1124 mansurum
329 1063 425 1138 potius
440 1079 527 1140 quam
543 1061 674 1138 proditis,
696 1078 769 1139 quos
790 1061 928 1130 ducebat,
952 1065 1030 1142 turpi
1051 1063 1155 1140 iugero

142 1147 271 1208 incertae
286 1162 320 1205 ac
336 1142 457 1204 forsitan
470 1150 536 1221 post
551 1143 635 1220 paulo
656 1144 761 1205 morbo
780 1145 950 1206 interiturae
963 1147 1037 1206 vitae
1049 1163 1119 1224 par·

115 1234 231 1296 sceret.
266 1226 402 1288 Ceterum
415 1225 572 1287 abeodem
592 1228 718 1289 monitus
735 1229 777 1288 uti
797 1234 885 1289 noctu
900 1228 1119 1307 proficisceren-

141 1318 206 1380 tur,
236 1309 388 1371 consilium
409 1309 566 1388 adprobat,
595 1328 630 1370 ac
654 1312 750 1371 statim
773 1310 877 1372 milites
898 1318 1034 1373 coenatos
1055 1329 1120 1374 esse

141 1396 172 1455 in
191 1394 292 1454 castris
313 1393 445 1471 ignisque
460 1411 547 1471 quam
564 1393 769 1455 creberrumos
786 1395 857 1464 lieri,
880 1395 948 1455 dein
963 1396 1057 1474 prima
1079 1397 1119 1456 ri-

116 1476 209 1554 bgilia
229 1475 343 1537 silentio
366 1476 465 1553 egredi
484 1475 573 1537 iubet
610 1475 728 1554 lamque
748 1483 892 1538 nocturno
913 1479 1016 1539 itinere
1037 1478 1155 1541 lcssisn

146 1559 280 1621 omnibus
295 1558 373 1620 Sulla
388 1560 496 1638 pariter
511 1576 577 1619 curn
593 1565 660 1619 ortu
674 1559 742 1620 solis
757 1560 1037 1630 castrametabatur,
1053 1579 1121 1624 curn

145 1645 258 1722 equites
273 1642 366 1702 Mauri
377 1643 510 1704 nuntiant
526 1641 698 1718 Iugurtham
710 1644 825 1704 circiter
842 1643 931 1705 duum
948 1640 1060 1705 milium
1074 1646 1121 1705 in·

115 1723 263 1789 dtervallo
279 1731 345 1786 ante
360 1741 410 1786 eos
428 1723 603 1786 consedisse.
646 1723 729 1795 Quod
745 1733 897 1804 postquam
916 1725 1046 1788 auditum
1065 1735 1120 1797 est,

141 1816 204 1870 tum
220 1824 290 1877 vero
313 1809 417 1885 ingens
432 1813 526 1869 metus
538 1813 655 1868 nostros
670 1809 792 1870 invadit:
810 1809 931 1872 credere
944 1827 976 1872 se
987 1810 1121 1888 proditos

142 1908 159 1951 a
181 1889 289 1952 Voluce
310 1898 340 1952 et
360 1891 469 1953 insidiis
492 1893 718 1962 circumventos,
742 1910 776 1954 ac
797 1893 893 1962 luere,
919 1894 969 1971 qui
989 1892 1155 1954 dicermtso

141 1992 230 2036 manu
246 1975 450 2036 vindicandum
464 1991 559 2052 neque
574 1975 651 2051 apud
665 1974 746 2036 illum
760 1982 872 2037 tantum
887 1974 983 2037 scelus
997 1974 1120 2037 inultum

95 2056 393 2135 lillrelinquendum.
426 2058 463 2117 Aa
483 2057 576 2126 Sulla,
599 2075 774 2138 quamquam
796 2059 898 2120 eadem
919 2058 1119 2128 existumabat,

143 2151 240 2203 tamen
263 2138 298 2198 ab
318 2140 422 2199 iniuria
440 2138 573 2200 Maurum
590 2140 740 2218 prohibet:
763 2159 832 2202 suos
852 2142 985 2202 hortatur
1000 2143 1041 2203 uti
1058 2142 1120 2202 ior·

141 2233 203 2285 tem
225 2222 354 2280 animum
375 2229 526 2299 gererent:
551 2239 638 2301 saepe
651 2226 848 2302 antespaucis
866 2226 993 2287 strenuis
1015 2224 1118 2285 advor-

142 2322 209 2368 sum
223 2302 436 2364 multitudinem
456 2302 533 2366 bene
548 2311 726 2382 pugnatum:
749 2313 858 2384 quanto
880 2306 934 2368 sibi
954 2308 984 2367 in
1006 2306 1155 2384 proeliors

142 2390 239 2452 minus
253 2387 465 2465 pepercissent,
481 2393 561 2446 tanto
580 2389 702 2449 tutiores
719 2389 796 2449 lore:
812 2406 867 2449 nec
878 2406 1054 2468 quemquam
1068 2389 1119 2451 de·

143 2489 226 2540 cere,
254 2470 304 2547 qui
325 2486 430 2530 manus
449 2471 618 2539 amaverit,
643 2470 679 2530 ab
698 2471 818 2532 inermis
838 2471 962 2549 pedibus
981 2471 1119 2535 auxilium

94 2560 103 2571 ‘
140 2561 256 2635 petere,
280 2553 464 2614 inmaxumo
479 2560 560 2615 metu
573 2552 686 2614 nudum
704 2560 868 2617 et'caecum
888 2571 996 2632 corpus
1009 2555 1046 2617 ad
1065 2554 1118 2616 bo·

116 2640 194 2701 sstis
230 2643 355 2699 vortere.
413 2635 487 2698 liein
517 2636 674 2707 Volucem,
703 2638 839 2715 quoniam
859 2635 973 2698 hostilia
999 2637 1117 2708 laceret,

141 2721 238 2783 lovem
259 2735 428 2780 maxumum
444 2718 603 2781 obtestatus
615 2726 648 2781 ut
659 2719 777 2781 sceleris
793 2725 880 2799 atque
894 2719 1031 2798 perfidiae
1043 2721 1117 2783 Boc·
1128 2735 1155 2779 as

114 2803 189 2872 achi
207 2803 289 2862 testis
314 2800 441 2870 adesset,
461 2822 497 2864 ex
520 2803 620 2864 castris
642 2801 722 2864 abiro
748 2801 837 2864 iubet
882 2803 933 2869 Ille
953 2803 1120 2866 lacrumans

141 2902 228 2946 orare
241 2901 280 2945 ne
295 2901 330 2946 ea
345 2884 493 2949 crederet:
507 2886 578 2954 nihil
594 2885 661 2946 dolo
675 2883 792 2955 iactum,
809 2904 844 2948 ao
860 2889 951 2966 magis
965 2885 1119 2948 calliditate

141 2966 310 3045 Iugurthae,
329 2969 376 3030 cui
390 2968 522 3032 videlicet
532 2966 693 3047 speculanti
702 2970 759 3030 iter
768 2987 855 3031 suum
866 2972 1012 3049 cognitum
1023 2975 1117 3030 esset:

113 3058 272 3115 scelerum
295 3053 432 3130 quoniam
450 3069 546 3132 neque
557 3053 705 3128 ingentem
720 3052 932 3117 multitudinem
947 3051 1069 3115 haberet
1088 3059 1118 3113 et

140 3150 208 3215 spes
235 3153 364 3215 opesque
382 3138 443 3198 eius
465 3154 502 3198 ex
521 3143 605 3215 patre
628 3152 681 3197 suo
697 3137 868 3215 penderent,
892 3135 1014 3198 credere
1034 3133 1152 3198 illurn»

116 3217 213 3283 bnihil
233 3220 329 3300 palam
344 3236 494 3290 ausurum,
510 3218 654 3297 cumipse
671 3218 746 3281 filius
762 3221 842 3282 testis
863 3221 989 3283 adesset:
1011 3237 1068 3298 qua
1081 3236 1117 3280 rs

140 3309 292 3381 optumum
313 3302 393 3364 iactu
409 3302 513 3372 videri,
536 3320 590 3382 per
609 3303 705 3363 media
725 3304 786 3366 eius
802 3309 896 3364 castra
911 3300 1007 3380 palam
1022 3308 1116 3361 trans·
1191 3329 1194 3335 ·

138 3384 197 3448 irs:
225 3401 290 3458 sese
317 3384 363 3448 vel
387 3387 553 3467 praemissis
574 3386 619 3449 rel
637 3385 745 3449 ibidem
765 3383 873 3449 relictis
894 3383 1000 3446 Mauris
1020 3381 1117 3447 solum

78 3580 93 3615 k
