2422 3854
156 196 194 258 10
302 214 344 256 on
364 213 537 258 oaumnvsn
560 213 802 261 normannicus
826 215 854 260 o.
875 209 919 264 19.
938 209 983 264 no.

153 363 285 424 nondum
304 364 472 442 trequentes
488 362 593 422 armati
615 370 824 434 convenerant,
848 381 882 425 ea
906 382 955 426 res
977 366 1130 430 consitium

104 449 142 511 19
154 447 278 510 diremit.
291 447 397 507 Postea
417 446 485 507 Piso
505 447 536 507 in
551 447 716 507 citeriorem
733 446 904 523 Hispaniam
920 457 1058 527 quaestor
1074 469 1130 528 pro

134 537 287 611 praetore
304 531 410 590 missus
430 536 474 589 est
509 528 655 590 adnitente
670 528 789 598 Crasso,
814 529 977 608 quodcum
993 533 1131 596 infestum

124 615 300 677 ninimirum
322 612 376 673 Gn.
390 611 531 690 Pompeio
551 618 735 690 cognoverat
770 611 874 692 Neque
893 620 992 675 tamen
1012 625 1131 679 senatus

151 698 330 776 provinciam
344 696 450 757 invitus
469 695 607 758 dederet:
629 696 736 774 quippe
756 694 876 757 foedum
895 695 1045 759 hominem
1060 718 1078 760 a
1095 719 1149 762 ree

150 780 267 860 publica
278 777 383 859 procui
394 796 458 840 esse
470 778 599 841 volebat:
615 777 701 840 simui
712 779 778 857 quia
789 777 861 840 boni
874 778 1031 857 conplures
1044 799 1130 859 prae·

151 866 256 926 sidium
277 866 308 925 in
328 881 364 924 eo
385 863 537 941 putabant,
553 864 734 924 etiamtum
750 864 880 941 potenu'a
893 863 1015 941 Pompei
1029 865 1129 926 sormi·

125 957 139 1009 3
151 947 253 1010 dulosa
265 954 337 1008 erat.
369 945 420 1007 Set
434 948 459 1007 is
472 947 540 1007 Piso
554 947 584 1006 in
598 947 749 1022 provincia
765 945 803 1006 oh
825 945 970 1025 equitibus
983 945 1129 1027 Hispanis,

120 1049 223 1111 equos
239 1033 301 1092 sine
319 1031 450 1091 exeroim
464 1028 603 1091 ductabat
622 1031 678 1090 iter
696 1029 815 1099 iaciens,
838 1031 953 1091 occisus
971 1037 1025 1091 est.
1057 1031 1131 1093 Sunt

150 1116 257 1194 quiite
279 1114 390 1184 dicant,
404 1113 526 1191 imperia
548 1113 612 1174 eius
632 1113 739 1174 minsta
758 1111 887 1191 superba
905 1113 1038 1175 'crudelia
1060 1114 1163 1175 her-ro

122 1196 237 1258 citeros
249 1197 415 1276 nequivisse
429 1197 504 1275 pati,
527 1194 576 1256 alti
593 1202 692 1257 autem
706 1198 820 1276 equites
834 1196 912 1267 iilos,
932 1197 987 1257 Gn.
1007 1197 1129 1274 Pompei

150 1289 265 1343 veteres
281 1281 415 1359 fidosque
432 1279 552 1350 edentis,
567 1277 714 1341 voluntate
728 1281 792 1343 eius
806 1280 943 1342 Pisonem
956 1280 1127 1357 adgressos:

148 1381 309 1444 numquam
319 1363 462 1442 Hispanos
471 1369 624 1440 praeterea
637 1362 695 1424 tale
705 1364 818 1426 facinus
828 1365 941 1434 iecisse,
950 1365 1128 1444 setimperia

148 1465 233 1510 saeva
254 1447 345 1510 multa
362 1453 448 1508 antee
464 1463 629 1526 perpessos.
673 1447 733 1507 Nos
750 1465 815 1508 eam
827 1465 893 1508 rem
913 1449 944 1509 in
960 1447 1057 1509 medio
1079 1465 1126 1509 re-

120 1531 322 1612 elinquemus.
364 1530 407 1592 lie
424 1531 578 1608 superiore
599 1531 801 1592 coniuratione
820 1532 890 1591 satis
912 1531 1032 1592 dictim
1139 1551 1161 1592 u

99 1625 137 1687 20
233 1613 363 1682 munna,
377 1612 430 1674 ubi
439 1630 499 1683 eos,
516 1630 589 1692 quos
599 1612 687 1691 paulo
698 1619 767 1674 ante
774 1614 943 1682 memoravi,
956 1615 1129 1675 convenisse

145 1699 238 1769 videt,
256 1697 372 1758 tametsi
393 1713 460 1756 cum
478 1694 600 1772 singulis
619 1696 711 1757 muita
731 1712 819 1772 saepe
840 1701 955 1772 egerat,
979 1702 1077 1758 nmen
1098 1699 1129 1757 in

146 1800 211 1843 rem
233 1781 298 1841 iore
318 1779 443 1840 credens
461 1779 615 1839 univorsos
629 1777 777 1858 adpellere
799 1784 830 1840 et
844 1779 1009 1850 cohortari,
1029 1781 1060 1840 in
1076 1778 1128 1840 ab·

147 1865 236 1926 ditem
263 1869 378 1943 partem
404 1863 519 1923 aedium
547 1863 658 1925 secedit
678 1870 765 1943 atque
787 1861 828 1924 ibi
853 1862 989 1926 omnibus
1011 1862 1128 1925 arbitrIs

91 2014 100 2031 ‚
147 1947 253 2027 procui
268 1948 372 2009 amotis
386 1946 549 2007 orationem
564 1946 686 2007 huiusce
700 1947 779 2007 modi
794 1945 912 2007 hebuit:
1136 1965 1161 2006 ae

120 2045 136 2093 2
231 2031 289 2101 „Ni
302 2032 393 2092 virtus
408 2030 539 2110 fidesque
552 2036 650 2090 vostra
664 2037 793 2109 spectata
808 2029 879 2090 mihi
894 2028 1007 2098 forent,
1023 2030 1126 2109 nequi-

147 2133 235 2195 quam
250 2122 414 2196 opportuna
429 2133 479 2176 res
493 2112 662 2176 cecidisset:
683 2130 752 2192 spes
771 2129 893 2190 magna,
916 2113 1075 2173 dominatio
1096 2114 1127 2172 in

147 2199 283 2260 manibus
297 2198 406 2259 trustra
422 2198 560 2260 fuissent:
574 2214 672 2275 neque
689 2213 744 2274 ego
758 2214 812 2275 per
826 2196 971 2273 ignaviam
985 2202 1036 2256 aut
1052 2213 1127 2256 vana

120 2283 400 2361 tingenieincerta
427 2300 483 2361 pro
504 2281 593 2342 certis
613 2286 772 2359 captarem.
816 2279 867 2340 Set
887 2281 955 2358 quia
976 2278 1076 2341 multis
1097 2286 1126 2341 et

145 2368 258 2444 magnis
279 2365 501 2446 tempestatibus
522 2381 575 2425 vos
593 2365 716 2441 cognovi
737 2363 822 2424 sortis
842 2362 975 2442 tidosque
989 2363 1070 2432 mihi,
1091 2379 1158 2424 eoa

146 2451 259 2511 animus
275 2468 363 2512 ausus
376 2456 420 2511 est
432 2466 604 2510 maxumum
618 2456 705 2527 atque
719 2447 942 2526 pulcerrumum
953 2445 1067 2507 facinus
1081 2448 1126 2507 in·

147 2534 254 2613 cipere,
270 2532 356 2594 simui
368 2533 434 2611 quia
445 2532 528 2593 vobis
543 2531 645 2593 eedem
657 2548 731 2610 quae
742 2530 815 2590 mihi
824 2528 903 2589 bona
914 2527 1048 2606 malaque
1061 2545 1124 2590 esse

118 2617 282 2679 tinteliexi.
303 2614 464 2676 Numidem
475 2614 549 2675 velie
567 2622 654 2691 etque
668 2610 844 2678 idemnolie,
862 2626 896 2669 ea
908 2608 1027 2670 demum
1037 2611 1121 2672 firma

146 2701 270 2760 amicitia
287 2705 339 2759 est.

119 2788 136 2838 o
229 2781 280 2840 Set
291 2798 353 2856 ego
368 2796 443 2857 quae
461 2787 560 2840 mente
574 2780 687 2855 agitati,
706 2793 808 2838 omnes
825 2777 884 2837 iam
904 2784 990 2838 antea
1016 2777 1124 2839 divorsi
1132 2797 1159 2838 ae

120 2864 273 2930 pandistis.
309 2861 445 2922 Ceterum
462 2861 534 2921 mihi
554 2863 585 2921 in
606 2861 668 2922 dies
688 2862 780 2939 magis
801 2860 917 2920 enimus
940 2859 1114 2921 adtenditur

145 2964 213 3008 oum
235 2944 404 3012 considere,
420 2961 496 3022 quae
516 2944 643 3005 conditio
657 2945 732 3004 vitae
746 2943 846 3005 futura
860 2945 913 3013 sit,
932 2945 988 3004 nisi
1007 2951 1125 3003 nosmet

120 3031 200 3110 tipsi
213 3028 392 3089 vindicamus
409 3027 439 3087 in
460 3026 634 3088 libertatem.
666 3027 741 3088 Nam
757 3034 913 3107 postquem
935 3043 984 3087 res
1006 3025 1125 3104 publice

145 3116 176 3175 in
189 3128 352 3193 paucorum
370 3113 533 3190 potentium
548 3113 594 3172 ius
608 3117 696 3189 atque
712 3111 855 3171 dicionem
869 3111 1029 3180 concessit,
1047 3127 1124 3170 sem-

144 3214 199 3275 per
222 3195 277 3256 iilis
297 3213 383 3274 rogos
405 3194 570 3256 tetrarchae
591 3193 745 3272 vectigales
763 3210 844 3262 esse,
866 3192 967 3272 populi
989 3195 1159 3257 nationesne

144 3275 286 3358 stipendia
299 3282 446 3359 pendere:
461 3280 552 3340 ceteri
565 3296 666 3339 omnes
687 3277 800 3338 strenui
810 3275 890 3346 boni,
907 3276 1021 3338 nobiles
1035 3283 1123 3355 etque

144 3364 298 3440 ignobiles,
320 3363 423 3441 volgus
444 3362 552 3424 fuimus
570 3364 633 3423 sine
653 3362 760 3439 gratia,
789 3360 852 3420 sine
871 3362 1057 3429 auctoritate,
1080 3359 1125 3421 eis

139 3447 268 3520 obnoxii,
293 3448 408 3529 quibus,
432 3448 456 3511 si
477 3464 526 3510 rea
539 3445 656 3528 publica
669 3443 787 3513 voleret,
810 3442 963 3504 formidini
980 3457 1125 3511 essemus.

78 3612 138 3632 h·-
