2422 3854
332 232 376 274 nn
397 231 499 274 sunno
521 230 722 276 tvovnnmuo
744 230 771 273 o.
794 222 836 277 85.
1039 213 1079 276 89

100 396 155 458 egc
176 379 327 441 militando
350 378 445 439 didici.
485 378 570 440 Nunc
583 396 635 439 vos
652 381 836 448 existumate,
857 379 932 439 iacta
950 397 987 440 an
1002 380 1123 442 dictale

98 461 191 540 pluris
203 464 268 524 sint.
295 462 491 523 Contemnunt
504 463 660 523 nouitatem
674 479 779 532 meam,
796 479 850 542 ego
864 459 981 524 illorum
998 464 1079 542 igna-

98 546 189 607 viam:
206 545 276 607 mihi
293 546 418 614 fortuna,
434 543 491 606 illls
504 543 615 626 probra
623 546 819 608 oblectantur.
830 544 1013 625 Quamquam
1024 563 1078 624 ego
1091 559 1123 610 lt

97 636 234 691 naturam
248 646 336 692 unam
356 635 385 688 et
402 644 589 689 communem
610 629 740 689 omnium
753 629 909 698 existumo,
926 636 970 690 set
985 629 1081 690 fortis·

75 729 215 774 ssumum
235 729 381 791 quemque
404 712 683 787 generosissumum.
722 710 764 791 Ac
782 713 808 771 si
826 712 884 771 iam
899 729 936 772 ex
949 711 1080 788 patribus
1091 729 1123 780 16

97 794 193 856 Albini
208 802 257 855 aut
272 794 387 856 Bestiae
403 796 505 872 quaeri
519 797 611 872 possit
617 791 627 864 ,'
648 810 736 855 mene
751 811 788 854 an
802 792 868 853 illos
890 812 926 854 ex
947 810 979 855 se
1002 796 1081 874 gigni

97 877 261 947 maluerint,
277 877 347 956 quid
362 893 558 955 responsuros
573 877 698 946 creditis,
714 878 770 937 nisi
788 892 853 938 sese
869 874 978 937 liberos
995 896 1082 957 quam

98 966 233 1038 optumos
248 960 392 1022 voluisset
419 960 504 1032 Quod
515 963 540 1021 si
554 961 619 1021 iure
634 978 681 1020 me
696 960 869 1038 despiciunt,
882 959 990 1020 iaciant
1003 961 1080 1021 idem
1089 970 1122 1026 17
1187 966 1189 971 ’

98 1041 259 1104 maioribus
274 1045 343 1115 suis,
362 1042 477 1123 quibus,
493 1044 536 1104 uti
548 1044 628 1113 mihi,
650 1061 686 1104 ex
702 1044 810 1104 vimute'
823 1041 959 1104 nobilitas
975 1046 1079 1123 coepit.

61 1143 87 1184 m
98 1124 231 1187 Inuident
245 1125 350 1188 honori
365 1144 446 1188 meo:
463 1143 534 1205 ergo
547 1127 695 1188 invideant
709 1125 805 1187 labori
819 1128 1012 1195 innocentiae,
1028 1145 1079 1206 pe·
1091 1143 1124 1194 ιο

97 1208 198 1271 siculis
225 1211 313 1270 etiam
334 1212 421 1278 meis,
446 1212 583 1288 quoniam
597 1227 652 1288 pen
666 1208 740 1272 haec
761 1209 843 1272 illum
860 1213 932 1289 cepi.
969 1209 1079 1271 Verum
1091 1228 1124 1280 ιο

94 1292 230 1353 homines
251 1294 386 1370 conrupti
406 1293 544 1371 superbia
558 1295 597 1353 ita
615 1300 739 1354 aetatem
756 1300 846 1371 agunt
867 1295 950 1373 quasi
965 1299 1080 1354 vostros

30 1428 38 1436 .
95 1375 226 1436 honores
247 1382 443 1446 contemnant,
462 1377 502 1437 ita
521 1376 576 1437 hos
590 1382 694 1453 petunt
711 1377 793 1453 quasi
807 1375 930 1435 honeste
946 1377 1080 1438 vixerint

96 1458 139 1520 Ne
160 1456 202 1518 illi
219 1456 283 1519 lalsi
305 1466 386 1529 sunt,
411 1461 460 1539 qui
479 1459 700 1521 divorsissumas
720 1475 769 1518 res
790 1459 900 1535 pariter
915 1466 1077 1536 expectant,
1089 1467 1124 1518 20

60 1556 86 1598 sa
96 1543 228 1619 ignaviae
244 1540 423 1623 doluptatem
447 1550 475 1604 et
489 1543 620 1622 praemia
635 1542 757 1602 virtutis
790 1541 885 1619 Atque
899 1542 995 1611 etiam,
1013 1558 1080 1602 cum
1090 1545 1123 1598 21

98 1626 176 1702 apud
197 1643 249 1686 vcs
271 1633 321 1688 aut
343 1628 373 1686 in
393 1633 497 1687 senatu
519 1624 609 1688 verba
630 1626 755 1695 iaciunt,
782 1622 923 1703 pleraque
950 1625 1082 1686 oratione

95 1711 222 1770 maiores
238 1726 309 1770 suos
323 1708 479 1770 extollunt:
503 1727 606 1771 eorum
618 1710 703 1770 fortia
718 1709 794 1769 lacta
808 1708 1001 1769 memorando
1023 1707 1081 1769 cla·

96 1791 189 1852 riores
211 1809 276 1853 sese
296 1798 409 1868 putant.
450 1791 536 1862 Quod
564 1798 664 1852 contra
694 1798 746 1853 est.
790 1791 865 1851 llam
889 1797 997 1869 quanto
1024 1793 1124 1852 vitam

97 1871 214 1934 illorum
236 1874 425 1953 praeclarior,
441 1880 523 1934 tanto
544 1874 651 1934 horum
674 1874 807 1934 socordia
828 1873 1007 1950 flagitiosior.
1044 1873 1081 1934 Et
1089 1880 1123 1932 2³

60 1957 229 2035 mprofecto
251 1960 291 2019 ita
310 1975 342 2018 sc
363 1975 413 2019 res
433 1956 538 2019 hahet·
576 1958 721 2018 malorum
737 1955 829 2034 gloria
851 1958 977 2033 posteris
999 1959 1082 2036 quasi

96 2040 195 2102 lumen
215 2048 266 2111 est,
290 2058 386 2138 neque
406 2039 484 2102 bona
501 2059 601 2141 neque
616 2039 692 2101 mala
707 2057 810 2100 eorum
824 2040 855 2099 in
871 2037 987 2100 occulto
1007 2041 1081 2118 pati·

96 2132 153 2185 tur.
164 2124 296 2186 Huiusce
307 2141 352 2183 rei
363 2141 400 2202 eg
428 2126 558 2203 inopiam
571 2124 774 2194 latoor‚Quirit
775 2141 821 2184 es:
828 2140 940 2192 verum,
955 2122 985 2184 id
1001 2123 1124 2202 quodsi

96 2206 187 2267 multo
201 2205 379 2282 praeclarius
443 2215 593 2275 ,meamet
607 2207 682 2267 facta
693 2207 765 2267 mihi
781 2207 879 2268 dicere
893 2206 969 2268 licet.
996 2205 1081 2267 Nunc

96 2288 190 2348 videte
213 2304 302 2366 quam
322 2289 413 2365 iniqui
427 2290 492 2349 sint.
534 2289 620 2360 Quod
635 2306 671 2351 ex
688 2289 781 2349 aliena
799 2291 906 2349 virtute
923 2289 978 2348 sibi
994 2288 1080 2348 adro·
1090 2298 1123 2346 25

61 2394 88 2433 ss
98 2376 180 2448 gant,
197 2370 227 2431 id
238 2370 310 2431 mihi
326 2389 361 2430 ex
376 2388 442 2430 mea
455 2388 515 2431 non
533 2373 711 2438 concedunt,
729 2369 840 2429 scilicet
854 2371 921 2446 quia
940 2371 1081 2444 imagines

96 2470 156 2512 non
173 2452 279 2523 habeo,
304 2460 332 2515 et
346 2454 413 2530 quia
427 2453 498 2514 mihi
512 2469 586 2513 nova
600 2452 736 2513 nobilitas
752 2461 809 2519 est,
828 2469 916 2528 mam
931 2458 1011 2512 certe
1029 2470 1080 2529 pe-

96 2537 208 2614 perisse
226 2536 329 2598 melius
351 2542 395 2595 est
416 2553 503 2615 quam
520 2541 670 2614 acceptam
692 2535 871 2611 conrupisse.
930 2556 932 2561 ⁴

180 2620 322 2698 Equidem
335 2620 461 2695 ego'non
472 2622 585 2695 ignoro,
598 2620 623 2680 si
633 2619 691 2678 iam
703 2617 773 2677 mihi
785 2616 967 2694 respondere
981 2615 1078 2687 velint,
1090 2623 1124 2674 to

97 2702 214 2763 abunde
234 2702 289 2762 illis
306 2703 472 2763 facundiam
495 2709 525 2762 et
538 2703 721 2780 conpositam
736 2701 897 2760 orationem
920 2699 994 2761 iore.
1031 2699 1081 2761 Set

61 2786 127 2852 min
142 2792 240 2846 vostro
260 2802 398 2846 maxumo
414 2785 550 2846 benificio
578 2802 646 2846 cum
674 2783 811 2845 omuibus
839 2782 912 2845 locis
934 2801 983 2844 me
1014 2801 1080 2843 vos-

97 2889 154 2948 que
172 2866 247 2928 male
266 2869 348 2927 dietis
361 2867 501 2937 lacerent,
516 2885 577 2928 non
594 2868 702 2946 placuit
719 2868 853 2935 reticere,
876 2884 915 2927 ne
935 2867 1000 2945 quis
1016 2884 1079 2926 mo·

98 2953 219 3014 destiam
233 2952 262 3010 in
277 2952 484 3011 conscientiam
499 2951 629 3013 duceret.
657 2952 732 3012 llam
745 2968 794 3010 me
810 2951 928 3027 quidem
944 2968 980 3010 ex
990 2951 1079 3010 animi
1088 2962 1123 3011 27

95 3035 155 3093 mei
167 3032 313 3093 sententia
320 3028 401 3091 nulla
413 3033 507 3092 oratio
518 3031 755 3111 laederepotest:
768 3036 1080 3113 quippeveranecesse

97 3124 142 3178 est
155 3116 232 3178 bene
249 3116 426 3194 praedicent,
450 3115 522 3177 falsa
537 3119 595 3178 vita
608 3135 765 3196 moresque
780 3119 838 3177 mei
853 3120 1002 3194 superant.
1027 3113 1079 3176 Set
1088 3131 1122 3182 28

67 3201 235 3280 aequoniam
261 3206 359 3260 vostra
386 3200 506 3261 consilia
535 3208 726 3269 accusantur,
753 3202 803 3278 qui
832 3199 904 3259 mihi
930 3215 1078 3259 summum

97 3284 240 3344 honorem
266 3291 294 3344 et
312 3301 483 3344 maxumum
504 3285 653 3361 negotium
674 3283 857 3363 inposuistis,
885 3282 970 3342 etiam
991 3287 1079 3359 atque

98 3367 184 3427 etiam
204 3374 348 3444 reputate,
367 3384 438 3428 num
454 3384 558 3429 eorum
572 3367 780 3445 paenitendum
794 3366 839 3424 sit.
875 3364 941 3424 Non
958 3375 1122 3442 possumtt

97 3448 165 3509 lidei
193 3465 279 3512 causa
308 3452 449 3527 imagines
468 3469 565 3529 neque
581 3451 746 3531 triumphos
761 3453 811 3508 aut
830 3446 998 3509 consulatus
1015 3465 1077 3508 ma·
