2422 3854
151 186 192 248 66
364 202 407 243 nn
428 197 532 241 annno
552 195 751 240 rvovnrrmso
769 195 798 238 o.
815 187 860 242 tiu
875 187 917 243 46.

125 351 299 419 nderatum:
312 364 438 426 namque
451 346 545 407 edicto
556 345 684 424 primum
698 347 864 413 adiumenta
879 345 1010 423 ignavim
1034 354 1133 412 sustu

150 434 235 502 lisse,
258 449 296 492 ne
318 433 473 511 quisquam
492 429 522 490 in
539 431 644 490 castris
659 446 765 508 panem
787 435 836 490 aut
853 446 942 507 quem
960 427 1049 494 alium
1064 448 1132 495 coc·

151 525 213 578 tum
236 515 335 576 cibum
356 513 511 582 venderet,
533 529 572 573 ne
592 511 667 573 lirae
688 513 850 574 exercitum
864 519 1072 592 sequerentur,
1092 533 1134 579 ne

150 594 232 661 miles
255 599 409 676 gregarius
431 597 461 658 in
480 597 583 657 castris
604 613 678 657 nese
697 597 728 657 in
750 597 867 673 agmine
881 613 1000 659 servum
1015 603 1066 661 aut
1085 599 1132 661 iu·

150 688 282 743 mentum
297 680 433 742 heberet:
455 681 560 741 ceteris
580 686 643 741 arte
659 679 780 742 modum
795 681 939 742 statuisse.
971 680 1152 747 Praetereas

150 764 324 827 transvorsis
339 763 492 826 itlneribus
507 763 614 825 cotidie
623 770 718 829 cestra
736 781 864 841 movere,
883 764 961 825 iunta
979 781 1015 827 ac
1031 765 1057 825 si
1077 764 1132 827 ho·

150 856 209 910 stes
225 849 359 910 adessent
373 847 450 910 vello
467 854 554 926 atque
570 847 649 909 'iussa
664 849 789 918 monne,
806 846 916 924 vigilias
935 845 1058 911 crebras
1077 865 1132 927 po.-

150 950 222 994 nere
244 940 273 993 et
294 950 342 994 eas
360 933 423 1010 ipse
444 946 511 992 cum
530 931 633 1008 legatis
653 932 817 1001 circumire,
833 932 902 992 item
923 930 954 992 iu
972 931 1088 1009 agmine
1101 933 1131 993 in

151 1018 252 1095 primis
270 1016 359 1076 modo
373 1015 461 1076 modo
476 1016 507 1074 in
520 1016 686 1092 postremis,
703 1031 790 1092 saepe
806 1015 842 1074 in·
855 1013 1076 1086 medio-adesse,
1092 1031 1132 1076 ne

151 1101 295 1180 quispiam
316 1099 418 1158 ordine
435 1096 636 1173 egrederetur,
658 1103 692 1157 ut
706 1114 775 1157 cum
791 1097 887 1174 signis·
903 1095 1072 1176 nequeuntes
1084 1099 1165 1163 tn-ro

125 1181 304 1250 scederent,
329 1180 412 1241 miles
434 1179 533 1240 eibum
555 1185 584 1239 et
604 1196 684 1240 arma
706 1185 846 1258 portaret.
881 1181 923 1240 lta
944 1180 1131 1259 prohibendo

150 1283 166 1326 a
187 1264 298 1337 delictis
321 1264 413 1340 magis
430 1280 517 1340 mam
540 1262 713 1323 vindicando
733 1265 896 1324 exercitum
917 1263 1000 1327 brevi
1021 1265 1131 1329 conm-

149 1349 246 1409 mavit.

100 1440 140 1502 46
233 1429 347 1491 Interea
369 1427 518 1505 iugurtha,
537 1426 589 1488 ubi
603 1442 678 1506 quae
691 1426 823 1490 Metellus
844 1429 949 1506 agebat
964 1448 1000 1493 ex
1020 1431 1130 1493 nuntiis

150 1515 270 1593 accepit,
286 1511 371 1574 sonet
388 1511 425 1571 de
438 1511 602 1572 innocentia
619 1511 681 1571 eius
695 1512 803 1572 certior
819 1512 912 1573 Roma
928 1511 1031 1580 meurs,
1056 1513 1164 1577 diiii-u

151 1598 221 1659 dere
243 1597 303 1656 suis
326 1593 416 1656 rebus
439 1612 474 1654 ee
491 1600 555 1654 tum
575 1592 693 1654 demum
714 1612 814 1657 rerem
836 1595 1011 1658 deditionem
1032 1595 1132 1659 iacere

126 1684 274 1741 neonatus
290 1684 344 1738 est.
373 1675 465 1754 Igitur
478 1676 590 1754 legatos
605 1677 641 1741 ed
657 1677 808 1739 consulem
823 1694 890 1739 cum
903 1676 1053 1756 subpliciis
1064 1681 1131 1741 mit·

150 1764 200 1832 tit,
224 1762 273 1842 qui
294 1767 408 1822 tantum
429 1760 517 1820 modo
539 1761 593 1839 ipsi
614 1759 773 1840 liberisque
794 1761 881 1820 vitam
902 1766 1052 1840 peterent,
1076 1762 1132 1825 alia

150 1846 246 1906 omnia
269 1844 410 1906 dederent
431 1843 539 1923 populo
560 1842 702 1910 Romano.

123 1944 139 1994 3
233 1928 284 1990 Set
294 1926 409 1989 Metello
420 1929 478 1988 iam
489 1933 574 1989 antea
590 1928 954 2006 experimentis-cognitum
966 1935 1163 2005 eratgenusso

149 2012 341 2073 Numidarum
364 2011 500 2080 infidum,
525 2011 641 2087 ingenio
657 2009 772 2080 mobili,
795 2028 937 2073 nonarum
952 2028 1054 2073 rerum
1070 2015 1130 2073 ari·

123 2095 219 2163 edum
241 2111 314 2155 esse.
329 2095 430 2175 ltaque
451 2093 562 2170 legatos
582 2093 670 2155 alium
690 2093 726 2154 ab
743 2093 799 2154 alio
815 2095 947 2156 ffirorsos
961 2095 1129 2171 adgreditur

149 2196 183 2238 ac
205 2176 344 2256 paulatim
363 2177 545 2256 temptando,
556 2184 710 2255 postquam
721 2181 903 2254 opportunos
914 2174 971 2236 sibi
984 2178 1130 2255 cognovit,

149 2261 239 2322 multa
261 2260 426 2339 pollicendo
447 2262 603 2340 persuadet
624 2261 666 2322 uti
687 2259 859 2337 Iugurtham
875 2278 1011 2322 maxume
1025 2261 1129 2332 vivom,

148 2347 193 2406 sin
214 2346 244 2406 id
267 2363 371 2427 parum
396 2345 570 2423 procederet
584 2350 720 2405 necatum
734 2343 789 2405 sibi
807 2345 974 2407 traderent:
996 2351 1161 2407 ceterumu

123 2428 253 2509 spadam,
272 2447 347 2507 quae
361 2447 396 2490 er
411 2428 557 2490 voluntate
570 2428 666 2489 forent
680 2430 758 2505 regi,
775 2430 902 2490 nuntiari
915 2427 1005 2491 iubet.
1019 2427 1131 2491 Deinde

151 2514 213 2593 ipse
235 2514 336 2592 paucis
358 2512 461 2573 diebus
477 2513 588 2573 intento
610 2518 696 2591 atque
717 2513 822 2573 infesto
839 2513 969 2574 exercitu
984 2514 1014 2573 in
1029 2512 1130 2575 Numi·

149 2597 225 2658 diam
246 2597 387 2675 procedit,
407 2596 459 2656 ubi
478 2602 580 2656 contra
596 2595 665 2656 belli
679 2596 783 2656 faciem
797 2597 914 2673 tuguria
929 2595 1016 2674 plena
1035 2595 1129 2659 homi·

148 2698 234 2749 num,
254 2698 362 2758 pecora
382 2679 566 2759 cultoresque
580 2680 611 2740 in
627 2679 704 2756 agris
720 2685 817 2739 erant:
841 2697 877 2740 en
893 2680 1007 2759 oppidis
1023 2687 1052 2741 et
1067 2697 1128 2741 ma·

148 2762 264 2842 palibus
279 2763 420 2842 praelecti
435 2765 514 2842 regis
527 2763 603 2823 obvii
618 2760 827 2841 procedebant,
843 2764 938 2842 parati
949 2763 1163 2831 frumentumeo

149 2846 229 2916 dare,
248 2855 431 2910 commeatum
443 2854 577 2928 portare,
594 2851 742 2925 postremo
757 2848 935 2929 omniaquae
947 2849 1130 2925 imperaren-

122 2937 196 2994 dtur
212 2930 318 2992 iacere,
330 2931 444 3013 -Neque
465 2930 597 2992 Metellus
612 2929 722 2991 idcirco
739 2932 850 3002 minus,
873 2938 917 2992 set
930 2931 1039 3009 pariter
1055 2933 1132 2992 acsi

148 3015 247 3076 hostes
260 3015 402 3086 adessent,
420 3016 531 3078 munito
543 3015 658 3092 agmine
668 3014 816 3086 incedere,
828 3015 886 3077 late
899 3011 1053 3091 explorare
1065 3031 1130 3076 om-

148 3100 204 3169 nia,
229 3098 277 3161 illa
295 3099 448 3160 deditionis
461 3099 543 3177 signa
560 3100 685 3160 ostentui
706 3101 827 3162 credere
850 3106 878 3160 et
898 3096 1009 3158 insidiis
1030 3096 1129 3158 locum

123 3185 293 3263 itemptari.
328 3183 430 3264 Itaque
445 3184 507 3263 ipse
529 3201 595 3244 cum
611 3183 751 3263 expeditis
770 3180 947 3250 cohortibus,
971 3182 1040 3242 item
1061 3182 1162 3245 iun-ss

71 3315 73 3321 .
148 3269 276 3329 ditonum
296 3274 326 3329 et
347 3268 563 3346 sagittariorum
584 3268 696 3331 delecta
717 3286 805 3330 manu
825 3265 902 3345 apud
921 3265 1032 3344 primos
1053 3271 1126 3335 erat,

69 3407 71 3411 .
148 3353 178 3412 in
198 3359 349 3430 postremo
372 3351 406 3414 G.
430 3351 537 3414 Marius
557 3352 670 3431 legatus
692 3370 759 3415 cum
777 3349 922 3431 equitibus
944 3347 1075 3419 curabat,
1097 3350 1128 3410 in

149 3440 307 3517 utrumque
335 3436 412 3501 latus
439 3436 604 3499 auxiliarios
632 3438 744 3517 equites
769 3434 895 3498 trihums
922 3431 1071 3516 legionum
1099 3440 1129 3494 et
