2422 3854
311 227 356 270 nn
374 226 478 269 annno
499 224 699 270 rraverurro
720 224 747 268 e.
768 215 812 271 92.
833 217 877 274 93.
976 257 982 272 .
1042 209 1084 272 95

106 397 123 440 a
146 383 251 438 natura
270 372 350 437 velut
368 389 459 454 opere
479 379 568 453 atque
580 373 712 435 consulte
733 389 884 452 praeceps.
928 373 1022 445 Quem
1041 373 1111 441 lo·o

107 477 175 521 cum
191 456 309 528 Marius,
333 455 467 538 quodibi
482 457 560 536 regis
574 456 726 519 thensauri
742 463 833 526 erant,
856 473 970 518 summa
987 459 1015 518 ri
1037 475 1085 519 ca·

105 561 178 622 pere
192 540 323 603 intendit.
357 541 409 601 Set
424 558 459 602 ea
474 556 523 603 res
540 538 616 601 torte
636 557 725 619 quam
740 539 859 602 consilio
874 539 979 601 melius
992 547 1111 618 gestas

107 625 183 687 Nam
199 622 315 688 casulo
334 625 466 687 virorum
480 629 567 703 atque
581 639 732 685 armorum
745 624 831 693 satis,
848 640 954 702 magna
967 624 1009 684 vis
1024 625 1086 686 iru-

85 710 199 770 smenti
214 714 243 769 et
256 707 322 769 lons
337 724 439 788 aquae,
457 706 616 784 aggeribus
629 705 818 785 turribusque
839 704 883 786 [et
900 704 962 767 aliis
976 707 1086 769 machi·

106 789 286 872 nationibus]
308 789 392 853 locus
405 791 595 870 inportunus,
615 790 671 850 iter
691 788 915 850 castellanorum
930 796 1086 866 augustum

106 873 279 944 admodum,
298 875 447 952 utrimque
460 874 635 951 praecisum.
666 872 774 934 Vineae
795 888 863 933 oum
879 873 989 949 ingenti
1008 875 1112 950 peri-e

108 958 174 1020 culo
196 957 304 1019 bmtra
319 955 497 1034 agebantur:
516 973 585 1018 nam
608 973 675 1018 cum
695 973 746 1018 eae
766 953 855 1034 paulo
871 964 1084 1033 processerant,

107 1043 168 1120 igni
183 1047 233 1104 aut
245 1038 390 1120 lapidibus
406 1038 689 1118 eomumpebantur:
705 1038 810 1101 milites
820 1054 916 1116 neque
929 1054 985 1116 pro
997 1056 1086 1116 opere

73 1147 99 1189 ro
109 1125 268 1186 consistere
281 1129 405 1203 propter
419 1123 600 1203 iniquitatem
614 1122 680 1194 loci,
703 1140 799 1202 neque
813 1123 890 1183 inter
904 1122 1002 1183 vineas
1023 1123 1086 1183 sine

106 1205 238 1287 periculo
250 1207 470 1268 administrare:
486 1212 624 1284 optumus
637 1207 760 1287 quisque
771 1205 878 1268 eadere
889 1210 939 1265 aut
952 1205 1084 1274 sauciari,

108 1292 214 1353 ceteris
228 1296 325 1350 metus
340 1289 449 1365 augeri.
491 1289 529 1349 At
542 1288 650 1350 blariaes
662 1287 760 1350 multis
776 1287 878 1350 diebus
892 1293 922 1348 et
936 1286 1087 1349 laboribus
1096 1290 1135 1353 93

109 1373 289 1451 consumptis
303 1372 406 1433 enxius
419 1370 538 1433 trabere
555 1388 622 1433 cum
636 1373 732 1433 animo
748 1387 819 1441 suo,
843 1372 1028 1432 omitteretne
1041 1373 1086 1431 in·

110 1465 240 1536 ceptum,
259 1455 396 1534 quoniam
408 1455 517 1516 frustra
532 1462 608 1525 erat,
622 1471 663 1527 en
677 1453 825 1516 fortunam
839 1453 1014 1530 operiretur,
1029 1472 1086 1533 qua

74 1565 100 1605 n
108 1557 197 1620 saepe
215 1554 359 1619 prospere
376 1555 448 1600 usus
469 1536 574 1600 luerat.
617 1537 698 1610 Quae
719 1555 786 1600 cum
804 1535 994 1599 multosdies
1013 1552 1111 1602 noc-2

108 1624 204 1703 tisque
225 1629 360 1684 aestuans
380 1623 515 1700 agitaret,
543 1621 620 1684 forte
642 1622 759 1701 quidam
778 1620 881 1700 Ligus,
902 1638 937 1681 ex
960 1620 1086 1681 cohorti·

108 1705 165 1768 bus
186 1705 341 1768 auxiliariis
356 1704 448 1766 'mdes
469 1707 634 1785 gregarius,
660 1706 761 1766 eastris
788 1711 926 1784 squatum
951 1719 1087 1781 egressus

109 1788 181 1851 baut
196 1788 301 1868 procul
317 1786 354 1850 ab
375 1787 467 1849 latere
488 1787 610 1857 castelli,
634 1788 713 1867 quod
729 1805 864 1849 avorsum
878 1786 1087 1865 proeliantibus

111 1880 188 1941 erat,
206 1873 335 1932 animum
350 1869 475 1932 advortit
494 1871 570 1931 inter
584 1887 653 1931 saxu
666 1872 795 1948 repentis
810 1869 939 1932 cocleas:
962 1888 1087 1948 quarum

75 1973 178 2020 cocum
196 1972 285 2015 unam
304 1961 391 2034 atque
412 1953 546 2023 alteram,
570 1952 637 2015 dein
657 1952 758 2032 plures
777 1960 906 2032 peteret,
929 1952 1024 2013 studio
1044 1953 1086 2014 le·

110 2039 201 2116 gundi
215 2037 353 2117 paulatim
365 2055 458 2118 prope
473 2039 510 2099 ad
525 2055 672 2099 summum
687 2038 794 2098 montis
809 2052 944 2114 egressus
960 2042 1012 2097 est.
1031 2035 1112 2099 uhta

109 2128 264 2201 postquam
279 2122 464 2184 solitudinem
478 2120 626 2191 intellexit,
638 2137 723 2183 more
732 2121 831 2200 ingeni
844 2118 965 2182 humani
980 2119 1086 2198 cupido

110 2203 237 2265 diliieilia
250 2203 378 2264 faciundi
392 2206 520 2265 animum
534 2206 630 2265 vortit.
660 2204 697 2265 Et
707 2204 783 2266 iorte
797 2206 827 2266 in
839 2223 873 2266 eo
888 2203 954 2265 loco
968 2203 1112 2282 grandiss

110 2285 169 2348 ilex
184 2285 333 2347 coaluerat
345 2287 422 2346 inter
431 2282 635 2364 saxa,paulum
646 2283 735 2344 modo
745 2302 849 2363 prone,
863 2284 969 2346 deinde
980 2287 1087 2346 inflexa

74 2375 197 2448 aratque
216 2374 299 2430 aucta
316 2369 346 2429 in
361 2366 556 2436 altitudinem,
581 2384 638 2445 quo
660 2374 764 2428 cuncta
783 2368 963 2445 gignentium
981 2375 1087 2429 natura

110 2451 183 2514 lert:
202 2453 284 2512 euius
299 2453 389 2514 ramis
403 2450 500 2521 modo,
515 2449 602 2511 modo
614 2449 807 2512 eminentibus
817 2451 894 2512 suxis
905 2451 988 2511 nistu
998 2449 1087 2528 Ligus

111 2537 143 2597 in
158 2532 273 2597 castelli
286 2533 440 2614 planitiem
450 2535 601 2614 pervenit,
626 2533 705 2612 quod
719 2535 815 2594 cuncti
827 2532 969 2595 Numidae
984 2535 1086 2594 intenti

109 2617 321 2696 proeliantibus
336 2617 466 2678 aderant.
499 2615 663 2694 Exploratis
681 2615 831 2686 omnibus,
844 2635 920 2696 quae
933 2634 1003 2677 mox
1018 2619 1111 2682 usuia

110 2702 174 2761 lore
189 2699 323 2772 ducebat,
340 2701 441 2762 eadem
456 2700 632 2777 regreditur,
646 2716 706 2760 non
722 2706 834 2762 temere
847 2700 889 2760 uti
906 2699 1084 2768 escenderat,

74 2810 102 2852 ao
112 2791 157 2845 set
169 2789 314 2861 temptans
331 2785 427 2844 omnia
448 2789 477 2844 et
496 2783 741 2863 circumspiciens.
766 2782 867 2863 ltaque
880 2781 1003 2844 Marium
1016 2799 1111 2863 pro-e

108 2884 181 2947 pere
195 2864 262 2937 adit,
277 2873 341 2928 aeta
352 2866 463 2936 edocet,
475 2866 621 2938 bortatur,
633 2866 668 2928 ab
685 2885 719 2929 ea
733 2873 825 2947 parte,
836 2884 893 2946 qua
907 2868 969 2946 ipse
985 2883 1085 2928 escen·

110 2950 202 3021 derat,
219 2948 370 3011 castellum
381 2955 521 3027 temptet:
535 2950 688 3030 pollicetur
703 2967 768 3012 sese
780 2951 892 3012 itineris
905 2949 1086 3030 periculique

111 3033 224 3096 ducem.
275 3032 383 3095 Marius
403 3050 471 3094 cum
493 3031 601 3112 Ligure
628 3035 771 3114 promissa
797 3036 859 3096 eius
881 3035 1029 3113 cognitum
1049 3045 1111 3092 exr

109 3116 313 3196 praesentibus
339 3117 431 3178 misitr
460 3134 586 3196 quorum
609 3119 652 3179 uti
681 3119 821 3197 cuiusque
841 3118 989 3195 ingenium
1012 3121 1084 3185 erat,

75 3202 149 3264 salta
169 3219 234 3264 rem
256 3199 402 3264 difficilem
421 3206 472 3262 aut
486 3198 601 3264 facilem
615 3202 802 3263 nuntiavere:
825 3198 951 3261 consulis
972 3200 1085 3259 animus

107 3292 207 3347 tamen
232 3284 353 3364 paulum
377 3284 522 3346 adrectos.
572 3285 674 3364 ltaque
700 3304 735 3347 ex
762 3285 845 3361 copia
869 3281 1031 3344 tubicinum
1056 3287 1110 3343 ctu

111 3370 292 3432 cornicinum
308 3386 432 3431 numero
450 3369 579 3447 quinque
595 3386 683 3448 quam
697 3367 904 3429 velocissumos
921 3364 1035 3442 delegit,
1056 3370 1085 3424 et

110 3466 179 3513 eum
202 3449 252 3524 eis,
273 3451 418 3533 praesidio
444 3454 494 3532 qui
515 3451 627 3524 forent,
665 3454 721 3494 **
739 3455 757 3495 *
776 3456 795 3496 t*
812 3457 830 3497 *
850 3457 904 3497 ²¹¹*
949 3455 1084 3528 quattuor
