2422 3854
250 228 294 272 nn
316 226 490 272 olumnam
512 227 753 274 con1vnnr10nn
776 231 803 275 o.
824 224 868 279 58.
890 222 936 279 50.
1040 218 1080 280 35

100 374 197 437 Licuit
210 375 292 437 vobis
304 392 372 436 cnm
382 392 496 436 summa
506 378 686 455 turpitudine
697 381 727 440 in
744 378 829 441 exilio
843 387 967 444 aetatem
981 400 1079 461 cgere,
1090 397 1123 450 13

99 458 233 530 potuistis
247 457 381 521 nonnulli
400 458 511 520 Roman
526 463 638 522 amissis
659 461 744 525 bonis
758 463 867 526 alienas
882 484 953 545 opes
975 485 1080 546 expec-

99 550 179 604 taret
195 544 262 621 quia
272 541 320 604 illa
330 541 416 604 foeda
427 550 514 621 atque
528 544 709 608 intoleranda
723 546 791 608 viris
804 548 988 621 videbantur,
1004 549 1123 619 bacola
1206 568 1208 576 ’

101 627 185 705 sequi
207 627 382 688 decrevistis
415 625 446 687 si
466 626 541 688 haec
559 628 727 708 relinquere
747 630 840 702 voltis,
862 633 984 695 audacia
1004 653 1078 714 opus
1088 649 1120 701 15

77 720 160 770 sest:
181 727 270 772 nemo
288 711 345 772 nisi
359 711 453 771 victor
468 728 544 790 pace
559 710 669 773 bellum
689 714 819 775 mutavit
864 715 938 778 Nam
956 719 986 778 in
1009 717 1122 796 lugalo

97 789 221 857 sdntem
234 810 364 872 sperare,
383 812 451 856 cum
463 812 553 866 mma,
568 794 674 874 quibus
686 814 794 876 corpus
807 799 924 876 tegitur,
941 800 978 861 ab
988 800 1078 862 hosti·

97 874 154 938 bus
166 879 317 948 averteris,
340 894 375 939 ca
395 895 465 940 vero
481 879 627 940 dementia
642 887 694 941 cst.
724 880 848 960 Semper
862 883 893 943 in
907 882 1021 961 proelio
1037 885 1121 946 eislr

96 976 267 1024 maxumum
284 968 329 1023 est
343 962 519 1040 periculam,
531 965 581 1042 qui
600 978 737 1026 maxume
753 965 867 1027 timent:
881 967 1001 1028 audacia
1022 985 1078 1045 pro

96 1063 183 1108 muro
197 1045 332 1107 habetur.

63 1146 87 1190 n
182 1128 254 1190 Cum
284 1147 336 1190 vos
364 1130 533 1200 considero,
567 1129 686 1200 milites,
720 1138 749 1192 et
779 1148 846 1193 cum
872 1131 948 1193 lacta
979 1138 1077 1193 vostra
1087 1141 1120 1195 18

96 1220 236 1284 aestumo,
255 1228 362 1290 magna
376 1231 424 1275 ms
440 1230 507 1292 spes
520 1214 659 1276 victoriae
672 1221 760 1276 tenet.
789 1215 910 1277 Animus
925 1221 1004 1277 actas
1018 1218 1120 1277 alr-19

58 1372 63 1383 Ι
96 1301 144 1359 tus
158 1303 257 1358 vostra
269 1313 318 1356 me
333 1295 499 1366 hortantur,
515 1303 669 1374 praetcrea
684 1299 878 1369 necessitudo,
898 1315 972 1378 quas
990 1302 1075 1361 ctiam

94 1380 212 1441 timidos
226 1378 311 1439 fortis
323 1379 402 1440 lacit.
421 1378 495 1439 Nam
506 1379 661 1440 multitudo
674 1379 801 1442 hostium
814 1397 852 1442 no
864 1383 1077 1444 circumvenire
1086 1392 1120 1443 20

95 1469 192 1542 quen,
207 1461 366 1540 prohibent
382 1463 533 1539 angustiae
547 1462 613 1523 loci.
643 1461 726 1532 Quod
741 1465 765 1524 si
778 1465 877 1525 vntuti
891 1470 1005 1526 rosnae
1016 1465 1076 1525 lor·
1085 1480 1119 1528 21

60 1553 166 1608 cetuna
186 1544 336 1616 inviderit,
357 1552 471 1615 cavete,
493 1544 578 1607 inulti
597 1547 724 1607 annnam
746 1548 896 1618 emittatis,
919 1564 977 1609 neu
1001 1550 1076 1628 capti

93 1631 192 1710 potius
206 1629 291 1691 sicuti
303 1647 412 1708 peoora
424 1629 624 1700 trucidemini,
649 1647 736 1708 quam
756 1632 887 1692 virorum
900 1649 984 1694 more
1001 1649 1076 1712 pug-

16 1759 18 1762 -
93 1721 197 1775 nantes
219 1721 370 1775 cruentam
385 1719 473 1792 atque
491 1713 654 1775 luctuosam
672 1714 821 1775 victoriam
837 1714 970 1777 hostibus
986 1715 1076 1777 relin-

95 1795 206 1876 quatis!

150 1895 153 1901 ·
177 1878 257 1941 Hace
277 1878 327 1940 ubi
345 1879 424 1949 dixit,
440 1877 592 1957 paululum
608 1887 795 1942 conmoratus
814 1882 896 1958 signa
911 1897 1018 1942 canere
1031 1882 1076 1942 in·
1086 1885 1125 1946 59

59 1984 84 2027 to
94 1963 145 2025 bct
159 1969 246 2043 atque
260 1963 418 2024 instructos
435 1963 553 2025 ordines
569 1964 598 2023 in
616 1961 714 2024 locum
730 1981 834 2025 aecum
848 1963 974 2025 deducit.
1001 1962 1074 2024 Dein

93 2047 214 2108 remotis
236 2047 367 2108 omniurn
389 2048 487 2126 cquis,
517 2064 576 2126 quo
597 2045 737 2108 militibus
761 2052 921 2127 exaequato
943 2045 1074 2124 periculo

94 2131 208 2193 animus
229 2128 352 2210 amplior
368 2136 453 2201 esset,
474 2133 538 2208 ipsc
552 2130 643 2208 podes
663 2132 824 2192 exercitum
837 2148 893 2211 pro
906 2129 971 2192 loco
987 2136 1075 2208 atque

94 2215 184 2293 copiis
198 2214 323 2275 instruit.
351 2213 425 2274 Nam
451 2215 494 2274 nti
508 2213 641 2292 planities
656 2221 719 2274 erat
732 2215 809 2276 inter
820 2216 953 2276 sirristms
967 2214 1100 2278 montisc

93 2304 122 2358 et
138 2295 175 2357 ab
191 2297 293 2357 dextra
307 2312 383 2373 rupe
398 2313 511 2375 aspera,
530 2302 596 2355 octo
615 2296 743 2357 cohortis
758 2298 788 2357 in
803 2296 900 2357 fronte
914 2298 1070 2365 constituit,

56 2404 81 2446 ιε
91 2378 270 2442 relicuarum
284 2379 367 2455 signa
381 2379 412 2439 in
427 2376 556 2439 subsidio
574 2379 665 2439 artius
682 2377 829 2438 conlocat:
853 2379 890 2439 ab
908 2380 949 2439 cis
972 2384 1098 2445 centu-3

91 2465 189 2525 riones
205 2462 299 2524 omnis
312 2461 406 2522 lectos
420 2467 449 2523 et
467 2468 610 2531 evocatos,
627 2466 781 2540 praeterea
793 2478 827 2522 ex
843 2461 985 2538 gregariis
997 2459 1073 2522 mili·

90 2546 169 2609 tibus
183 2553 336 2626 optumum
350 2562 497 2625 quemque
512 2550 656 2605 armatum
671 2545 700 2605 in
714 2545 839 2623 primam
853 2546 945 2606 aciem
962 2544 1073 2606 subdu·
1143 2590 1147 2595 .

92 2633 139 2692 cit.
168 2632 201 2693 G.
214 2628 354 2692 Manlium
368 2631 398 2691 in
414 2630 525 2699 dextra,
541 2627 736 2689 Faesulanum
751 2628 897 2707 quendam
910 2629 941 2687 in
957 2628 1072 2688 sinistra

90 2719 177 2793 parte
199 2731 304 2774 curare
321 2711 418 2774 iubet:
435 2715 499 2794 ipsc
518 2730 584 2774 curn
604 2710 716 2773 libertis
734 2717 763 2771 et
784 2709 935 2773 calonibus
950 2717 1072 2791 propter

55 2817 81 2861 ao
91 2793 218 2877 aquilam
236 2795 355 2866 adsistit,
371 2814 458 2875 quam
475 2795 552 2858 bebo
570 2795 715 2858 Cimbrico
727 2796 761 2858 G.
773 2795 882 2856 Marius
897 2796 926 2856 in
943 2796 1071 2857 exercitu

90 2880 228 2942 habuisse
244 2876 405 2940 dicebatur.

175 2963 213 3026 nt
234 2981 270 3024 ex
292 2960 383 3023 altera
400 2967 484 3040 parte
499 2964 532 3026 G.
549 2964 704 3032 Antonius,
726 2961 851 3039 pedibus
873 2978 962 3040 aeger
994 2963 1098 3041 quode

91 3047 203 3128 proelio
219 3047 322 3109 adesso
343 3043 498 3125 nequibat,
520 3045 558 3106 Μ.
577 3046 692 3108 Petreio
714 3045 811 3122 legato
829 3048 989 3108 exercitum
1004 3063 1072 3124 per·

90 3133 185 3194 mlttit.
206 3129 259 3194 llle
273 3130 401 3193 cohortis
415 3135 575 3200 veteranas,
592 3146 664 3207 quas
681 3128 800 3191 tumulti
815 3149 904 3193 causa
923 3129 1097 3204 conscrips

56 3238 82 3280 es
92 3223 179 3288 serat,
191 3217 222 3277 in
231 3215 337 3286 fronte,
349 3219 470 3294 posteas
483 3219 612 3274 ceterum
623 3213 782 3274 exercitum
792 3213 822 3273 in
833 3212 968 3274 subsidiis
979 3210 1070 3270 locat:

92 3303 154 3380 ipse
165 3317 240 3380 equo
257 3299 431 3362 circumiens
442 3313 680 3376 unumquemque
694 3297 848 3357 nominans
863 3293 988 3372 adpellat
1001 3292 1071 3353 hor-

11 3430 15 3435 ψ
91 3391 171 3446 tatur
185 3389 284 3461 rogat,
304 3388 338 3444 ut
351 3382 538 3445 meminerint
554 3398 585 3442 so
600 3387 702 3441 contra
716 3379 845 3440 latrones
859 3378 994 3448 inermis,
1015 3394 1069 3454 pro

91 3468 185 3549 patria
200 3483 255 3546 pro
275 3465 392 3539 liberis,
412 3484 468 3548 pro
485 3467 543 3531 aris
558 3470 649 3548 atque
660 3463 741 3528 indus
752 3463 819 3526 suns
832 3467 968 3523 certare.
982 3459 1127 3518 becuns>

904 3557 951 3616 Q*
