2422 3854
492 240 677 283 rnanrsrro.
1059 243 1080 287 v

97 351 192 411 Victor.
211 351 284 402 Caes.
302 354 373 413 34,3
395 357 475 404 ceteri
491 370 583 417 omnes,
605 356 664 407 boni
679 358 786 420 malique
804 356 900 406 nobiles
917 364 993 422 atque
1010 359 1080 422 ipsa

96 419 159 467 biles
177 420 292 468 coniecit.
310 446 342 456 -
360 422 403 485 30,
417 421 457 471 to.
475 420 581 537 utimini]
601 423 715 475 utemini.
750 422 908 485 Quamquam
926 424 1003 487 paulo
1021 435 1080 477 anta

96 484 280 536 bartaolur'ex
298 485 355 551 sz
374 488 551 552 recipiundum
580 490 624 538 uit.
643 516 677 526 —
698 492 776 549 131.
798 489 861 539 Post
877 489 945 539 Frid.
963 489 1080 542 Ritsclrlli

96 551 250 617 praeclaram
274 551 474 617 disputationem
497 555 574 616 (idus,
592 556 673 611 Rhen.
693 554 789 606 xxlt
811 571 837 621 p.
854 557 904 608 317
916 555 968 619 sq.)
993 572 1078 619 nemo,

95 620 197 682 opinor,
216 619 276 680 quin·
293 619 357 669 adeo
374 622 578 683 antiquissumus
596 623 659 672 liber
676 622 772 688 glossis
784 624 933 685 inquinatus
945 624 988 684 sit,
1005 625 1080 673 dubi-

94 686 166 739 tabit.
183 711 216 722 -
237 687 317 745 131.
336 703 433 753 quoque
450 686 536 753 modo]
561 687 634 746 Quod
652 690 768 739 Momms.
791 689 859 744 coni,
877 705 976 755 quoquo
994 693 1076 749 moda,

94 753 202 817 probare
219 766 270 802 non
288 755 368 818 potui,
387 768 443 802 cum
462 755 525 804 mihi
537 769 588 804 aon
601 764 737 816 constaret,
754 755 868 804 Fulviam
880 757 911 805 ab
924 757 980 806 aliis
992 767 1080 807 aucto·

94 820 173 880 ribus,
193 834 269 881 quam
286 834 333 884 per
350 817 454 869 Curium
473 821 605 887 quidpiam
622 837 651 872 co
690 822 783 875 trisse.
803 848 835 858 —
856 825 898 884 25,
911 826 935 874 3.
953 819 1077 892 libidine]

94 887 112 935 Ι.
131 901 163 935 ex
181 887 200 935 P
218 886 309 936 lubido.
334 912 366 924 -
389 888 431 948 13,
444 889 467 939 b.
488 838 714 959 [camldmffl.
732 890 789 938 sine
810 889 892 937 uncis.
928 889 984 954 ligo
1008 891 1079 941 libris

93 955 177 1003 miuus
195 954 304 1012 conlido,
322 969 400 1016 quam
418 963 446 1003 ut
463 953 611 1005 Sallustium
629 958 665 1005 ita
682 970 821 1006 vaesauum
837 955 956 1015 iudicem,
982 966 1010 1005 ut
1028 972 1079 1007 unc

93 1032 180 1069 tancre
198 1020 331 1070 Catilinam
348 1023 437 1071 ambos
456 1023 573 1072 consules
591 1022 731 1074 interlicere
747 1022 861 1072 voluisse
878 1032 999 1082 narraret,
1022 1039 1080 1073 curu

94 1089 171 1137 modo
189 1089 216 1135 iu
234 1089 346 1138 Antonio
364 1103 421 1138 eum
439 1103 512 1154 spem
524 1089 646 1140 habuisse
657 1089 776 1141 dixisset.
790 1115 821 1125 —
833 1088 930 1138 Locum
942 1104 962 1138 c.
969 1091 1078 1151 23-31,

93 1156 130 1203 uti
146 1156 173 1202 iu
190 1153 261 1205 libris
279 1156 386 1205 traditus
405 1164 451 1214 est,
470 1158 591 1206 intactum
608 1156 707 1219 reliqui,
730 1172 781 1206 uon
799 1171 850 1218 quo
868 1158 1027 1216 senteutiam,
1046 1157 1080 1207 ad

93 1235 169 1283 quam
187 1230 247 1285 post
267 1222 360 1271 multas
377 1222 547 1273 dubitationes
571 1224 673 1274 tandem
695 1224 821 1274 adductus
844 1237 912 1272 eram
932 1221 1029 1285 (Exul
1046 1224 1080 1274 ad

93 1288 132 1346 ed.
139 1288 205 1337 1864
221 1287 409 1352 piot—206),
427 1303 468 1337 ma
485 1288 610 1340 facillume
627 1291 779 1340 Mommseni
796 1291 970 1354 disputatione
982 1290 1077 1352 (Herm.

93 1355 132 1404 13
148 1369 175 1418 p.
186 1357 235 1404 431
246 1355 314 1416 sqq.)
337 1355 487 1418 perductum
504 1372 592 1406 rursus
610 1358 733 1407 abiecisse
751 1356 892 1416 confiterer,
910 1366 950 1407 set
965 1357 1035 1418 qnod
1050 1359 1077 1406 in

62 1440 63 1443 ¹
92 1421 137 1468 tali
159 1421 270 1470 editione
293 1434 359 1481 quae
380 1421 494 1470 nondum
516 1437 641 1472 consensu
663 1425 792 1472 communi
816 1423 957 1488 adprobata
983 1433 1077 1482 essent,

93 1486 453 1603 illii‘iititttiltii
464 1485 1080 1621 Siliititulusitasiritii·

455 1590 462 1614 ‚
1067 1580 1079 1592 .

93 1629 180 1670 rentur
201 1635 284 1682 neque
301 1621 345 1669 alii
368 1623 505 1686 scriptores
524 1637 554 1672 eo
571 1623 658 1685 modo,
683 1637 758 1684 quem
775 1622 943 1688 transpositio
960 1622 1079 1682 restituit,

93 1703 133 1738 res
151 1697 266 1737 narratas
284 1703 342 1738 esse
360 1697 519 1738 testarentur.
554 1689 674 1754 Ignoscat
690 1691 770 1754 igitur
786 1691 825 1738 vir
842 1687 1079 1754 praeclariasumue,

93 1755 163 1818 quod
180 1756 328 1804 temeritatis
346 1755 440 1804 odmen
458 1757 591 1820 iniungere
607 1755 671 1804 mihi
688 1771 764 1816 quam
782 1757 808 1805 iu
827 1758 881 1805 eius
901 1757 980 1804 verba
995 1756 1080 1804 iurare

93 1821 234 1870 maluerim.
245 1847 276 1857 -
289 1823 331 1882 17,
341 1823 364 1870 2.
383 1823 475 1871 intenti
483 1819 630 1888 paratique]
648 1825 741 1872 intenti
749 1824 846 1886 parati.
859 1845 893 1858 ·-
904 1823 947 1876 2⁷.
957 1824 981 1873 3.
1000 1836 1078 1886 penes

94 1901 127 1937 ex
138 1887 256 1936 Palmerii
273 1885 430 1952 coniectura]
449 1903 499 1951 per
510 1889 529 1938 1.
548 1915 578 1924 -
598 1891 639 1946 28,
650 1891 674 1938 1.
693 1888 759 1936 Dum
776 1890 978 1937 demonstratum
995 1887 1079 1949 inerit,

77 1955 209 2005 'homines
227 1956 263 2003 ita
280 1953 366 2004 lurore
384 1954 501 2019 abreptos
510 1953 598 2013 inisse,
617 1964 645 2003 ut
657 1969 695 2017 se,
712 1955 735 2003 si
747 1969 805 2003 cum
822 1955 925 2003 armatis
942 1954 1078 2004 salutatum

96 2023 233 2080 venissent,
251 2034 303 2070 nou
321 2021 453 2070 exclusum
470 2022 503 2070 iri
520 2030 660 2086 sperarent,
678 2019 793 2071 lacunam
811 2019 925 2068 inlibris
944 2035 1001 2070 esse
1017 2034 1077 2070 con·

95 2089 207 2139 tendam.
225 2114 257 2124 -
276 2084 374 2154 dotuui]
395 2089 462 2137 domi
478 2088 498 2138 1.
524 2087 615 2137 Rarior
637 2087 720 2136 iorma
738 2103 783 2153 per
800 2087 819 2136 P
837 2088 918 2138 domic
935 2085 1079 2137 confirmari

94 2157 178 2221 magis
193 2169 269 2217 quam
281 2155 342 2203 reici
353 2155 418 2204 visa.
435 2179 470 2190 -
486 2157 529 2217 29,
544 2157 566 2204 1.
585 2157 739 2219 ecapitatam
750 2149 877 2220 abortio]
892 2156 1048 2217 eoeapitatam
1059 2152 1078 2203 1.

95 2248 126 2258 -
144 2224 187 2282 30,
202 2223 227 2274 7.
249 2221 381 2278 Maiores,
409 2222 479 2282 quod
503 2229 549 2286 pro
571 2224 680 2271 minores
701 2221 804 2271 exhibet
825 2221 858 2279 P,
887 2222 949 2270 haut
973 2221 1078 2284 dignum

96 2289 166 2351 quod
183 2302 290 2354 prorsus
308 2287 466 2351 neglegatur,
485 2287 548 2336 mihi
565 2288 672 2340 ridetur.
684 2314 719 2326 -
735 2291 777 2347 31,
791 2291 815 2341 5.
833 2291 872 2338 cel
882 2283 933 2353 sai]
954 2289 1049 2337 autaut
1059 2288 1078 2338 Ι.

96 2357 115 2404 P
132 2360 160 2403 st
177 2354 211 2402 ad
227 2357 266 2403 cel
282 2354 368 2418 potius
385 2353 477 2401 ducere
494 2355 557 2402 mihi
568 2355 677 2404 videtur.
689 2379 723 2391 -·
739 2355 774 2404 ib.
792 2354 872 2403 sicubi
888 2369 946 2401 oum
957 2351 1079 2419 Liulrero]

95 2423 119 2470 si
136 2421 156 2472 l.
181 2419 222 2468 Ad
239 2419 303 2468 illud
320 2434 360 2467 me
378 2420 502 2478 convorti,
520 2422 642 2480 quoniam
658 2423 685 2468 in
697 2421 833 2484 archetypo
851 2421 877 2468 si
891 2427 920 2468 ut
935 2417 1016 2468 inisse
1026 2419 1080 2468 lor-

95 2488 162 2537 dano
184 2488 270 2535 visum
293 2492 340 2537 est.
362 2511 395 2521 —
417 2487 458 2548 31,
472 2487 498 2539 7.
521 2487 548 2535 ia
564 2489 682 2550 popellum
697 2486 833 2536 &manum
854 2499 911 2535 cum
930 2481 1026 2551 Cortic]
1054 2487 1080 2535 la

115 2554 192 2604 lebeta
209 2553 344 2604 Romanam
361 2553 381 2603 1.
418 2552 446 2600 ln
464 2561 534 2602 tauta
557 2552 722 2602 similitudine
744 2553 944 2618 conpendiomm
966 2566 1012 2601 cur
1032 2551 1081 2601 boc

94 2571 151 2670 flacc
169 2623 196 2671 in
210 2619 309 2684 piebem
325 2619 463 2670 Romanam
479 2621 625 2670 necessario
645 2619 805 2669 scribendum
821 2619 922 2679 inisset,
941 2619 1078 2669 ostendun-

96 2690 157 2738 duur
174 2686 230 2736 init.
249 2712 281 2724 -
299 2685 486 2752 Suspicionem,
504 2703 570 2750 quae
587 2687 619 2736 de
630 2688 692 2737 eicie
708 2686 753 2736 diu
769 2701 810 2736 me
827 2687 916 2745 tenuit,
934 2700 1002 2734 nunc
1018 2686 1081 2735 mle·

98 2768 152 2803 sam
169 2753 226 2802 iaci.
244 2780 276 2789 -
294 2755 373 2814 32,1.
392 2756 501 2804 incidiae
518 2752 636 2819 [conealr']
653 2751 838 2818 procedebant]
860 2754 969 2803 insidiae
985 2754 1082 2804 consuli

97 2820 270 2886 procedebant
286 2821 305 2870 1.
334 2820 374 2870 Ab
386 2819 414 2872 S.
432 2830 520 2871 cauma
537 2820 669 2870 latinitatis
686 2820 765 2884 leges,
783 2820 833 2869 illis
850 2821 1000 2886 praesertim
1018 2827 1080 2868 tem-

98 2888 209 2954 poribus,
228 2888 266 2936 sic
278 2887 355 2936 scribi
367 2889 483 2952 potuisse
499 2902 573 2952 nego.
592 2911 627 2924 -·
643 2887 684 2945 32,
697 2888 721 2936 2.
736 2884 848 2954 possint]
866 2893 973 2952 poscent
982 2887 1003 2934 1.
1021 2886 1081 2935 Vrd.

98 2957 138 3016 11,
152 2957 175 3005 7.
194 2980 227 2990 -
249 2955 330 3014 33,1.
346 2957 448 3018 patriae
465 2953 532 3021 ο.1.]
556 2963 631 3004 autea
652 2955 750 3017 patria.
772 2980 805 2990 —
832 2948 1079 3018 stampenses]

97 3023 231 3085 respondit
249 3023 269 3071 1.
286 3045 321 3057 -
338 3023 381 3080 35,
393 3022 417 3071 3.
435 3024 557 3086 nunquia
569 3046 601 3057 -
613 3023 712 3071 solvere
729 3037 779 3071 aaa
794 3037 901 3086 possem,
919 3036 974 3070 crau
984 3021 1081 3069 colibet

101 3087 201 3154 alienia]
221 3105 272 3141 aon
289 3090 349 3154 pain
363 3112 391 3122 —
405 3091 502 3138 soloen
518 3104 627 3151 possem,
645 3094 673 3136 ut
689 3090 778 3138 alienia
789 3087 926 3139 nominibus
938 3088 957 3137 1.
970 3086 1003 3136 de
1014 3085 1080 3135 coni.
1177 3114 1182 3126 ·

100 3184 131 3193 -
149 3158 191 3214 36,
205 3157 229 3206 1.
246 3151 393 3220 Flammam]
417 3154 436 3204 l.
455 3155 535 3204 eiecit.
570 3153 632 3203 Mihi
654 3163 681 3203 ut
704 3155 735 3203 ab
758 3156 922 3218 grammatico
944 3153 1069 3203 adiectum

100 3234 183 3272 tamen
204 3221 367 3272 memorabile
389 3222 482 3270 risum.
504 3247 537 3258 -
560 3222 603 3285 33,
616 3222 641 3272 ⁶.
663 3221 744 3271 morbi
766 3228 835 3280 erat,
860 3236 924 3286 puae
942 3221 980 3270 oti
995 3219 1067 3270 talea

98 3290 179 3340 morbi
194 3305 226 3340 ac
242 3291 320 3340 celati
335 3288 405 3338 tudes
422 3288 441 3336 1.
460 3302 482 3337 c.
494 3287 586 3352 Haupt
599 3287 691 3338 Philol.
705 3287 777 3352 111p.
789 3289 846 3337 347.
876 3286 940 3334 Illud
957 3285 1020 3335 mihi
1037 3301 1081 3336 ra·

100 3372 149 3418 que
166 3357 346 3406 inconcinnum
363 3369 420 3403 esse
438 3363 463 3402 et
478 3355 586 3418 propius
604 3353 637 3403 ad
654 3354 775 3403 librorum
788 3354 940 3417 scripturam
952 3352 1033 3402 morbi
1043 3358 1081 3401 at-

100 3439 148 3487 que
165 3424 202 3472 uti
220 3423 291 3472 talea
307 3421 429 3470 adceders
445 3420 538 3469 visum.
555 3445 589 3458 ·—
606 3422 684 3479 37,11.
702 3419 829 3477 Quoniam
846 3418 903 3467 libri
914 3419 960 3468 alii
975 3423 1021 3480 aa(
1034 3433 1082 3476 par

102 3489 229 3537 dedecoro
250 3486 381 3545 exhibent,
409 3486 508 3548 aliquid
527 3487 557 3534 in
574 3483 636 3534 ioco
657 3485 795 3534 turbatum
816 3497 878 3531 ease
900 3481 1040 3529 ennecone
1063 3478 1112 3530 Q&
