2422 3854
122 217 168 277 Ι18
242 233 286 274 ne
311 230 485 275 oanrnrnarr
507 227 746 273 oonrvnenrone
769 225 797 269 o.
816 218 858 273 35.
879 218 923 272 36·
941 218 984 272 37.

128 380 227 442 alienis
248 377 415 440 nominibus
435 375 592 439 liberalitas
613 374 765 438 Orestillae
786 374 846 434 suis
866 371 999 451 tiliaeque
1014 375 1107 452 copiis

126 461 321 542 persolveret,
340 467 385 522 set
405 461 483 540 qnod
498 478 559 522 non
580 461 683 539 dignos
697 459 829 519 homines
843 457 956 517 honore
969 456 1105 518 honesta·

126 555 173 608 tos
192 545 327 607 videbam
348 562 455 622 meque
469 542 541 605 falsa
558 544 727 625 suspicione
746 539 901 600 alienatum
919 556 984 619 esse
997 541 1106 603 sentie-

99 629 205 691 4bam.
224 628 288 689 Hoc
304 629 423 688 nomine
439 629 508 688 satis
523 629 659 689 honestas
667 643 723 706 pro
734 641 800 688 meo
815 639 885 684 casu
895 639 963 700 spes
976 621 1106 686 relicuae

99 712 272 791 odignitatis
295 711 511 773 conservandae
530 729 595 772 snm
615 719 741 773 secutus.
781 705 870 772 Plura
891 723 958 766 cnm
974 705 1128 773 scriberet

100 794 247 867 avellem,
268 795 431 857 nuntiatum
452 801 496 856 est
515 795 573 856 rim
593 795 666 856 mibi
684 795 792 874 parari.
834 788 920 855 Nunc
942 786 1104 850 Orestillam

128 878 289 939 conmando
303 884 429 956 tuaeque
442 878 511 939 fidei
525 878 623 938 trado:
637 896 701 939 eam
716 878 753 938 ab
767 878 871 938 iniuria
886 871 1035 948 defendas,
1050 889 1106 956 per

126 960 235 1024 liberos
256 968 322 1023 tuos
336 966 465 1037 rogatus.
499 960 630 1023 Havete!

77 1052 116 1114 36
210 1045 261 1106 Set
281 1046 344 1123 ipse
362 1060 472 1121 pancos
492 1043 554 1105 dies
576 1049 762 1105 conmoratus
783 1043 861 1120 apud
881 1043 914 1104 C.
930 1042 1104 1105 Flaminium

127 1125 360 1210 [Flammam]in
370 1146 443 1207 agro
453 1127 675 1196 Arretinodum
688 1127 861 1188 vicinitatem
875 1133 958 1188 antea
970 1124 1104 1188 sollicita·
1112 1140 1139 1181 ro

127 1217 187 1271 tam
204 1211 292 1270 armis
314 1215 448 1278 exornat,
471 1227 538 1270 cnm
555 1209 682 1270 fascibus
701 1217 788 1288 atque
802 1209 864 1271 aliis
870 1211 975 1289 imperi
984 1210 1103 1288 insigni·

101 1292 184 1358 abus
197 1295 227 1353 in
249 1299 343 1354 castra
357 1291 394 1352 ad
407 1291 545 1354 Manlium
564 1293 721 1354 contendit.
751 1294 831 1355 llaec
844 1292 896 1354 nbi
909 1291 1019 1354 Romae
1033 1310 1103 1354 con-

126 1382 209 1454 perta
227 1383 303 1448 sunt,
318 1383 435 1438 senatus
449 1374 598 1439 Catilinam
616 1384 644 1437 et
657 1373 796 1438 Manlium
813 1376 904 1437 hostis
917 1376 1038 1446 iudicat,
1055 1394 1103 1437 oe·

125 1467 207 1520 terne
221 1457 398 1522 multitudini
410 1459 488 1522 diem
500 1460 692 1528 statuit-ante
706 1477 794 1537 quam
808 1461 871 1520 sine
885 1458 989 1521 frande
1002 1457 1104 1521 liceret

126 1542 163 1604 ab
178 1543 267 1604 armis
280 1544 441 1611 discedere,
459 1549 577 1620 praeter
592 1559 693 1603 rerum
709 1541 873 1618 capitalium
891 1541 1140 1604 condemnatione

99 1632 278 1703 epraeterea
293 1626 438 1694 decernit,
456 1626 498 1685 uti
514 1623 647 1686 consides
662 1623 800 1686 dilectum
816 1622 952 1693 babeant,
964 1624 1106 1687 Antonius

127 1725 194 1768 enm
208 1709 337 1770 exercitu
353 1707 503 1769 Catilinam
518 1709 655 1786 persequi
670 1711 805 1778 maturet,
820 1705 922 1768 Cicero
937 1705 1005 1768 urbi
1019 1724 1105 1784 prae·

127 1790 199 1851 sidio
221 1793 265 1851 sit.

100 1884 118 1932 t
212 1873 253 1935 lla
265 1879 436 1952 tempestate
447 1871 788 1952 mihiimperiumpopuli
801 1871 925 1934 Romani
938 1873 1029 1935 multo
1043 1892 1104 1935 ma-

127 1976 214 2020 xume
228 1956 393 2020 miserabile
412 1957 505 2017 visum
527 1962 586 2016 est:
609 1960 658 2016 eui
675 1974 742 2017 cunr
764 1955 801 2015 ad
820 1973 956 2018 oceasum
979 1957 1016 2017 ab
1038 1965 1104 2019 ortu
1114 1971 1141 2012 ro

128 2041 195 2101 solis
210 2043 306 2101 omnia
321 2041 428 2102 domita
450 2040 539 2101 armis
553 2045 706 2117 parerent,
729 2039 808 2099 domi
824 2040 915 2099 otium
931 2045 1018 2118 atque
1034 2040 1104 2101 divi·

127 2127 198 2192 tiae,
222 2139 297 2201 quae
317 2125 411 2200 prima
426 2121 563 2184 mortales
579 2128 691 2201 putant,
712 2120 884 2192 adlluerent,
905 2121 988 2184 luere
1005 2131 1105 2185 tamen

127 2208 213 2276 cives,
225 2207 276 2284 qui
288 2223 378 2283 seque
388 2223 510 2285 remque
521 2205 669 2284 publicam
684 2205 833 2266 obstinatis
844 2206 946 2266 animis
956 2207 1105 2284 perditum

100 2291 211 2352 tinem.
246 2288 377 2367 Namque
392 2290 507 2350 dnobus
520 2290 612 2350 senati
627 2288 752 2350 decretis
774 2306 810 2349 ex
826 2295 907 2351 tanta
921 2289 1105 2351 multitudine

126 2391 221 2452 neque
235 2374 366 2450 praemio
379 2373 515 2434 inductus
530 2373 758 2434 coniurationem
767 2373 946 2450 patefecerat
957 2391 1053 2452 neque
1068 2393 1104 2436 ex
1113 2390 1139 2432 aa

127 2458 229 2518 eastris
251 2456 387 2517 Catilinae
408 2458 562 2534 quisquam
588 2458 718 2517 omnium
745 2456 931 2516 discesserat:
956 2464 1035 2516 tanta
1061 2459 1104 2518 vis

126 2539 223 2600 morbi
244 2546 320 2607 erat,
345 2556 419 2616 quae
440 2541 483 2599 uti
502 2537 585 2599 tabes
599 2538 757 2615 plerosque
776 2538 881 2599 civium
898 2539 1009 2599 animos
1024 2540 1104 2602 inva-

77 2625 116 2685 37
126 2630 213 2684 serat.
244 2620 346 2700 Neque
360 2619 455 2679 solum
470 2619 525 2679 illis
540 2619 633 2679 aliena
647 2633 730 2679 mens
745 2626 821 2688 erat,
845 2620 895 2698 qui
911 2623 1019 2683 consoli
1034 2641 1103 2684 oon·

125 2706 275 2765 iurationis
288 2703 412 2773 inerant,
429 2708 473 2762 set
490 2702 606 2761 omnino
619 2707 723 2762 cuneta
734 2699 836 2779 plebes
846 2719 988 2766 novarum
1002 2724 1103 2768 rerum

97 2786 219 2850 astando
240 2784 377 2847 Catilinae
395 2788 511 2863 incepta
532 2783 684 2862 probabat.
714 2784 747 2845 ld
764 2785 838 2847 adeo
852 2804 935 2849 more
950 2806 1003 2851 suo
1021 2790 1136 2850 vide-so

101 2868 212 2929 abatur
227 2868 332 2930 lacere.
367 2869 441 2930 Nam
454 2885 571 2946 semper
591 2870 622 2928 in
639 2867 765 2938 civitate,
789 2869 895 2948 quibus
915 2889 986 2949 opes
1006 2871 1103 2934 nullae

126 2958 203 3021 sunt,
226 2949 312 3012 bonis
324 2951 453 3012 invident
464 2952 557 3012 malos
578 2949 728 3022 extollunt,
744 2959 843 3014 vetera
856 2954 946 3014 odere
960 2971 1034 3013 nova
1052 2973 1102 3016 en·

127 3040 235 3113 optant,
261 3033 328 3094 odio
348 3053 468 3096 suarum
488 3053 589 3096 rerum
608 3038 716 3096 mutari
738 3038 835 3097 omnia
856 3037 986 3104 student,
1014 3039 1103 3098 turba

127 3126 213 3196 atque
228 3117 416 3179 seditionibus
429 3119 491 3178 sine
507 3136 577 3179 cura
592 3118 722 3189 duntur,
739 3121 875 3198 quoniam
891 3125 1003 3195 egestas
1019 3120 1102 3182 facile

100 3202 250 3264 thabetur
268 3202 331 3263 sine
351 3203 467 3262 damno.
496 3203 547 3262 Set
560 3202 673 3264 urbana
688 3202 798 3281 plebes,
822 3220 856 3262 ea
870 3220 941 3262 vero
959 3219 1138 3281 praecepsas

99 3288 235 3352 neratde
249 3284 347 3347 multis
364 3285 469 3346 causis.
500 3285 632 3348 Primum
646 3288 785 3355 omnium,
802 3286 852 3364 qui
866 3285 975 3364 ubique
989 3286 1101 3363 probro

128 3375 214 3447 atque
227 3369 385 3447 petrdantia
399 3387 534 3431 maxume
543 3370 737 3449 praestabant,
751 3371 820 3431 item
834 3367 881 3429 alii
891 3387 945 3447 per
956 3369 1101 3431 dedecora

111 3453 305 3524 patrimonio
317 3455 439 3525 amissis,
453 3461 604 3533 postremo
619 3471 720 3516 omnes
730 3471 804 3533 quos
814 3453 954 3530 flagitium
968 3461 1017 3515 aut
1032 3454 1101 3516 laei-
