2422 3854
227 205 270 247 nn
294 204 467 250 duramen
489 203 731 250 oontvnnrronn
754 204 782 249 c.
805 195 848 251 49.
870 197 915 250 50.
936 196 982 250 61,
1045 186 1086 249 25

111 353 308 422 ementiundo,
325 368 399 432 quae
420 368 453 413 se
474 370 510 414 ex
524 351 673 414 Volturcio
686 357 737 414 out
752 350 959 430 Allobrogibus
972 351 1088 414 sudsse

111 436 252 505 dicerent,
268 450 407 512 magnam
420 433 462 495 illl
475 436 612 497 invidiam
627 435 833 505 conflaverant,
860 452 955 514 usque
976 451 1027 504 eo,
1054 445 1087 497 ut

110 517 242 580 nonnulli
253 520 365 599 equites
374 517 508 589 Romani,
523 520 573 597 qui
588 519 715 596 praesidi
729 534 831 580 causeo
843 536 910 580 oum
921 517 987 579 telis
1003 526 1088 581 mont

112 603 224 663 nicom
232 600 587 671 sedemConoordiee,seu
597 601 720 680 periculi
729 602 928 678 magnitudine
938 618 990 662 seu
999 603 1088 664 enimi

90 683 269 746 mobilitate
283 683 404 763 inpulsi,
427 703 486 764 quo
496 684 625 745 studium
639 701 727 746 suum
740 686 770 746 in
789 702 853 746 rem
869 683 1017 763 publicam
1029 685 1086 746 cla·

111 769 265 838 riusosset‚
287 768 492 846 egredientiex
508 773 610 829 senetu
626 767 742 829 caesui
758 767 852 844 gladio
874 769 1086 830 minitarentur.

193 850 269 913 llum
282 851 356 912 baec
370 852 401 911 in
422 858 524 912 senatu
542 857 670 927 aguntur
691 858 721 912 et
738 850 808 911 dum
828 849 930 927 legatis
950 849 1138 913 Allobro-50

112 950 182 1011 gum
198 941 227 995 et
240 934 305 995 Tito
320 933 485 1005 Volturcio,
501 932 683 1012 conprobato
700 951 803 996 eorum
819 933 943 1002 indicio,
958 936 1088 1011 praemia

111 1016 320 1087 decernuntur,
336 1015 436 1078 liberti
455 1023 485 1078 et
502 1019 589 1095 peuri
608 1036 646 1079 ex
666 1015 821 1079 clientibus
833 1014 950 1078 Lentuli
965 1016 1088 1078 divorsis

77 1114 102 1156 ro
110 1098 263 1162 itineribus
274 1101 392 1179 opifices
407 1107 494 1179 atque
510 1101 624 1163 servitio
641 1103 672 1161 in
686 1102 757 1161 vicis
771 1100 809 1161 ad
819 1117 888 1162 eum
902 1100 1087 1178 eripiundum

109 1182 315 1253 solicitabant,
336 1185 443 1261 partim
460 1183 654 1262 exquirebant
673 1183 764 1245 duces
783 1182 1015 1250 multitudinum,
1037 1185 1087 1262 qui

108 1268 209 1346 precio
230 1283 295 1327 rem
315 1264 463 1343 publicem
481 1283 588 1328 vexare
608 1265 685 1328 soliti
703 1273 801 1336 mont,
822 1265 966 1343 Cethegus
989 1271 1112 1327 rotome

109 1366 164 1426 por
177 1349 295 1409 nuutios
309 1346 446 1408 inmiliem
460 1355 547 1427 etque
567 1348 688 1410 libertos
704 1366 788 1417 suos,
809 1349 901 1410 lectos
923 1355 952 1410 et
973 1350 1085 1411 exerci-

109 1438 186 1491 tatos
208 1429 252 1511 [in
273 1428 453 1510 eudociam],
483 1430 586 1491 orabat
606 1438 639 1490 ut
658 1447 749 1508 grege
770 1431 846 1491 iacto
869 1449 937 1492 cum
961 1430 1026 1493 telis
1050 1432 1086 1492 ed

76 1531 102 1574 n
111 1531 176 1576 sese
190 1514 400 1593 inrumperent.
428 1511 537 1574 Consul
552 1512 604 1576 ubi
618 1532 652 1575 ea
666 1515 765 1592 parari
780 1514 923 1591 cognorit,
940 1513 1112 1592 dispositis?-

108 1596 260 1676 precsidiis
279 1605 313 1659 ut
325 1614 374 1658 res
396 1604 483 1677 etque
499 1604 615 1675 tempus
635 1596 783 1667 monebat.
808 1603 967 1658 convocato
982 1604 1085 1658 senatu

109 1681 215 1750 refert,
241 1680 367 1760 quidde
389 1682 431 1742 eis
444 1680 509 1741 lieri
529 1679 656 1758 placent,
680 1682 730 1760 qui
751 1680 782 1741 in
804 1679 964 1741 ctutodiam
988 1680 1085 1741 traditi

109 1772 202 1825 erant
224 1765 275 1826 Set
288 1781 339 1825 eos
352 1763 439 1841 paulo
454 1769 522 1824 ente
535 1763 674 1842 frequens
685 1771 806 1826 senatus
819 1763 998 1824 iudicaverat
1014 1767 1110 1824 con-4
1187 1778 1190 1793 ¹

108 1854 155 1906 tra
168 1862 233 1906 rem
247 1845 394 1924 publicem
412 1845 525 1909 iecisse.
558 1845 635 1907 Tum
651 1846 685 1907 D.
703 1845 803 1908 lunius
820 1845 949 1916 Silanus,
972 1847 1085 1923 primus

75 1944 100 1987 oo
109 1931 281 1990 sententiam
293 1937 414 2006 rogetus
428 1929 506 2008 quod
520 1947 556 1989 eo
569 1935 703 2006 tempore
720 1927 823 1990 consul
832 1929 1000 2006 designatus
1011 1935 1083 1998 erat,

108 2012 145 2073 de
160 2014 216 2082 eis,
238 2015 287 2089 qui
300 2015 332 2074 in
348 2012 485 2074 custodiis
501 2011 690 2082 tenebantur,
711 2018 741 2074 et
752 2017 905 2090 praeterea
918 2011 962 2072 de·
969 2009 1002 2072 L.
1016 2009 1084 2073 Gas-

107 2096 150 2155 sio
168 2096 200 2156 P.
223 2095 314 2156 Furio
335 2094 369 2156 P.
385 2095 536 2157 Umbreno
559 2095 594 2167 Q.
615 2097 720 2167 Aonio,
747 2094 962 2174 sideprehensi
976 2093 1083 2165 forent,

107 2176 283 2255 subplicium
302 2179 479 2240 sumundum
498 2178 682 2239 decreverat:
697 2179 781 2257 isque
800 2185 912 2257 postea,
933 2185 1084 2257 permotus

109 2262 240 2320 oratione
255 2261 289 2321 G.
305 2260 445 2331 eanum
466 2258 591 2338 pedibus
605 2262 635 2320 in
650 2263 823 2323 sentenn'am
839 2261 939 2323 Tiberi
959 2261 1084 2323 Neronis

73 2343 219 2403 ruiturum
238 2360 270 2403 se
292 2343 419 2412 dixerut,
441 2345 492 2420 qui
508 2343 546 2404 de
559 2361 593 2404 eu
607 2362 641 2403 re
661 2343 814 2421 praesidiis
831 2343 934 2404 additis
948 2343 1083 2405 relerun·

109 2425 180 2486 dum
199 2433 361 2488 censuerat
405 2426 457 2486 Set
474 2424 589 2493 Caesen,
610 2424 661 2485 ubi
674 2426 710 2486 od
724 2443 792 2486 eum
806 2432 926 2486 rentum
940 2433 984 2487 ost
996 2437 1109 2502 roga-o

108 2514 155 2569 tus
176 2511 349 2571 sententiam
363 2527 378 2569 a
394 2507 522 2577 consule,
544 2507 758 2569 huiuscemodi
779 2507 868 2570 uerba
888 2510 1003 2571 locutus
1024 2515 1082 2568 ost:

193 2593 303 2654 ‘Omms
316 2592 458 2662 homines,
473 2597 571 2670 patres
585 2591 752 2669 conscripti,
769 2593 818 2670 qui
832 2591 972 2654 derebus
988 2589 1082 2652 dubiis
1093 2588 1129 2650 51

109 2676 286 2746 consultant,
309 2675 346 2737 ub
362 2676 427 2738 odio
441 2676 580 2745 concitis,
607 2675 651 2735 ira
663 2682 750 2754 atque
762 2675 963 2738 misericordia
976 2691 1083 2735 vacuos

73 2779 99 2820 so
108 2774 172 2818 esse
191 2760 282 2820 decet.
304 2759 382 2822 Haut
396 2758 480 2821 facile
494 2760 607 2820 ammos
621 2776 724 2819 vuum
739 2759 882 2836 providet,
903 2757 955 2820 ubi
967 2757 1015 2819 illu
1030 2757 1109 2817 obt

106 2840 222 2911 ficiunt,
244 2858 341 2920 nepio
356 2844 509 2922 quisquam
523 2844 653 2903 omnium
670 2840 793 2903 lubidini
806 2841 892 2904 simul
907 2848 936 2903 et
950 2842 1016 2904 usui
1030 2859 1082 2919 po·

106 2925 174 2985 ruit.
202 2922 260 2986 Ubi
274 2925 433 2985 intenderis
447 2926 610 3002 ingenium,
626 2923 715 2986 valet:
737 2926 763 2985 ei
776 2923 876 2987 lubido
889 2925 1032 3004 possidet,
1048 2932 1108 2985 eat

106 3007 286 3078 dominetur,
310 3008 422 3069 animus
435 3007 507 3069 nihil
523 3008 607 3070 volet.
647 3008 751 3086 blegne
770 3008 845 3085 mihi
862 3010 946 3087 copie
962 3015 1006 3069 est
1020 3018 1110 3068 men

105 3093 253 3161 morundi,
268 3095 367 3170 patres
382 3092 553 3168 conscripti,
569 3109 644 3171 quoe
659 3108 745 3170 reges
759 3099 847 3172 atque
859 3091 961 3170 populi
974 3092 1018 3151 iro
1033 3095 1084 3150 eut

72 3175 304 3238 omisericordie
318 3172 426 3252 inpulsi
439 3172 516 3235 mele
532 3173 747 3236 consuluerint:
769 3182 814 3237 set
827 3194 861 3237 ea
876 3173 952 3234 molo
974 3173 1081 3243 dicere,

106 3274 182 3336 quae
195 3259 321 3320 maiores
335 3259 428 3318 nostri
448 3263 549 3319 conuc
567 3256 728 3320 lubidinem
741 3260 830 3321 animi
842 3259 887 3319 sui
901 3261 982 3317 recte
995 3261 1082 3335 utque

105 3341 207 3402 ordine
222 3342 329 3404 iecere.
352 3340 433 3402 Rello
447 3340 644 3412 Macedonico,
661 3342 740 3421 quod
752 3358 820 3402 cum
832 3357 903 3417 rege
914 3339 1003 3400 Perse
1016 3342 1106 3416 ges-5

39 3419 48 3438 ⁶
105 3425 211 3493 smus,
235 3424 418 3486 Rhodiorum
439 3425 537 3486 civitas
558 3441 663 3502 magna
691 3431 779 3503 etque
806 3423 983 3499 magnifice,
1007 3439 1089 3496 uuus
1146 3440 1190 3474 xx
