2422 3854
112 171 171 236 108
381 189 562 235 ounrronnu
580 189 620 230 rr
643 187 821 231 urrsrunnn

232 636 549 723 ORATIONES
571 636 641 720 ET
661 635 972 720 EPISTULAE

580 809 621 850 EX

291 939 554 1018 HISTORIIS
580 938 906 1016 EXOERP'PAE.

525 1125 690 1135 -—.—....—-.·-

112 1277 155 1337 M.
177 1276 284 1338 Aemili
306 1275 414 1351 Lepidi
439 1278 567 1336 consulis
593 1276 636 1335 ad
652 1277 794 1352 populum
815 1275 980 1334 mouent
997 1279 1096 1334 multo

474 1364 580 1420 contro
601 1357 725 1420 Sullam.

82 1523 93 1573 t
196 1492 363 1578 Clementia
386 1522 415 1578 et
441 1517 572 1595 probitas
599 1521 711 1586 vostra,
739 1515 881 1588 Quirites,
910 1512 1016 1593 quibus
1037 1530 1093 1592 per

113 1608 225 1663 ceteras
253 1600 348 1677 gentis
375 1601 504 1660 maxumi
524 1606 553 1661 et
578 1599 650 1660 clari
672 1600 755 1669 estis,
783 1596 952 1677 plurumum
979 1598 1095 1659 timoris

111 1683 183 1744 mibi
212 1683 322 1743 iaciunt
349 1682 507 1744 advorsum
533 1682 717 1763 tyrannidem
737 1683 770 1743 L.
795 1679 907 1750 Sullae,
936 1696 989 1750 ne,
1016 1698 1095 1758 quae

112 1768 170 1846 ipsi
190 1765 316 1828 nefanda
339 1766 532 1837 existumetis,
555 1785 589 1828 ea
607 1784 713 1846 parum
728 1764 874 1828 credundo
896 1763 933 1825 de
951 1763 1013 1824 aliis
1035 1767 1093 1826 cir-

113 1850 351 1919 cumveniamini,
377 1884 411 1895 —
436 1852 611 1929 praesertim
631 1868 699 1911 oum
720 1849 760 1911 illi
779 1866 848 1928 spes
869 1849 963 1909 omnis
980 1848 1012 1907 in
1028 1865 1118 1911 soe-s

111 1934 173 1996 lere
192 1939 280 2013 atque
298 1934 421 2012 perfidia
441 1936 478 2015 sit
499 1952 596 2014 neque
618 1952 650 1995 se
671 1934 754 1995 aliter
771 1939 867 1994 tutum
882 1937 980 2010 putat,
1004 1950 1093 2010 quarn

111 2020 136 2078 si
151 2019 235 2094 peior
256 2024 343 2096 atque
365 2016 556 2079 intestabilior
577 2025 658 2080 metu
679 2024 778 2078 vostro
800 2017 903 2084 fuerit,
927 2032 984 2095 quo
1000 2017 1093 2094 captis

111 2100 253 2161 libertatis
269 2117 372 2160 curam
389 2101 506 2162 miseria
523 2102 630 2163 eximat
654 2135 689 2146 -
712 2109 768 2162 aut.
797 2100 822 2159 si
842 2098 1043 2178 provideritis,
1062 2100 1093 2160 in

76 2199 95 2247 a
111 2182 234 2243 vitandis
251 2182 389 2261 periculis
410 2184 502 2260 magis
523 2202 610 2263 quam
630 2184 799 2247 ulciscendo
813 2184 977 2244 teneamini
1001 2181 1092 2244 Satal-

111 2264 176 2327 litcs
198 2265 316 2344 qrridcm
331 2267 407 2336 eius,
430 2266 564 2328 homines
579 2269 708 2329 maxumi
728 2267 867 2336 nominis,
891 2268 1017 2344 optumis
1031 2284 1125 2330 ma=u

111 2347 385 2428 iorumexemplis,
408 2366 523 2430 nequeo
542 2353 611 2412 satis
632 2352 747 2420 mirari,
769 2350 819 2428 qui
841 2349 1046 2410 dominationis
1064 2352 1092 2411 in

112 2450 163 2492 vos
185 2433 333 2494 servitium
354 2451 440 2494 suum
458 2434 626 2496 mercedem
647 2434 717 2494 dant
739 2441 767 2495 et
786 2440 945 2511 utrumque
966 2451 1021 2512 per
1049 2434 1093 2493 in-

77 2517 217 2576 riuriam
241 2515 355 2577 malunt
374 2535 461 2596 quarn
483 2524 604 2596 optumo
625 2519 690 2579 iure
710 2517 796 2577 liberi
817 2531 921 2593 agere:
941 2516 1095 2594 praeclara

112 2600 274 2661 Brutorum
294 2605 381 2678 atque
404 2600 594 2662 Aemiliorum
617 2609 645 2663 et
669 2599 852 2661 Lutatiorum
875 2597 983 2677 proles,
1004 2601 1094 2678 geniti

78 2694 95 2742 t
113 2683 149 2743 ad
165 2701 214 2751 ea,
238 2701 314 2762 quiae
331 2684 457 2745 maiores
479 2685 584 2747 virtute
605 2701 762 2764 peperere,
786 2681 996 2744 subvortunda.
1018 2684 1126 2745 Namrs

112 2765 182 2843 quid
204 2766 352 2846 aPprrho
372 2767 544 2837 Hannibale,
565 2768 759 2846 Philippoque
780 2773 809 2827 et
827 2765 970 2828 Antiocho
992 2766 1093 2829 deien-

112 2865 177 2909 sum
198 2856 241 2908 est
263 2846 341 2910 aliud
362 2869 451 2930 quam
469 2850 589 2913 libertas
610 2858 639 2913 et
653 2868 724 2912 snae
742 2851 848 2930 cuique
862 2851 956 2921 sedes,
974 2867 1034 2912 neu
1046 2852 1095 2912 cui

78 2931 168 2994 onim
179 2929 294 3010 legibus
312 2935 506 3011 pareremus?
525 2952 600 3013 quae
615 2941 721 2997 cuncta
735 2952 856 2995 scaevus
877 2936 931 2996 iste
949 2933 1095 2995 Romulus

113 3016 196 3094 quasi
221 3013 258 3076 ab
287 3019 414 3079 externis
433 3024 517 3097 rapta
540 3025 636 3089 tenet,
658 3036 718 3079 uon
742 3025 785 3078 tot
807 3019 988 3080 exercituum
1009 3016 1094 3079 clade

111 3116 208 3179 neque
230 3099 384 3163 oonsulmn
406 3108 435 3162 et
454 3100 577 3164 aliorum
596 3103 772 3182 principum,
794 3119 868 3181 quros
890 3101 1007 3163 fortuna
1023 3099 1129 3164 bellis

113 3190 342 3263 consumpserat,
365 3186 493 3255 satiatus,
516 3194 560 3247 set
580 3195 642 3248 tum
661 3185 823 3256 crudelior,
848 3203 915 3246 cum
934 3184 1095 3266 plerosque

77 3268 259 3329 oseoundae
281 3284 330 3329 res
350 3269 380 3329 in
402 3268 620 3332 miserationem
640 3289 676 3331 ex
696 3271 740 3331 ira
761 3275 889 3330 vortunt.
913 3268 990 3337 Quin
1011 3267 1095 3329 solus

112 3351 243 3412 omnium
257 3358 326 3428 post
347 3352 520 3414 memoriam
541 3353 662 3416 humani
682 3353 798 3431 generis
819 3349 962 3428 subplicia
978 3351 1010 3411 in
1026 3357 1095 3429 post

112 3429 228 3493 tuturos
250 3436 412 3512 conposuit,
436 3437 501 3515 quus
513 3439 596 3516 prius
610 3438 716 3499 iniuria
734 3452 822 3515 quam
837 3435 895 3496 vita
910 3440 990 3496 certa
1002 3441 1093 3498 esset:
