2422 3854
125 185 166 246 24
269 199 313 240 nn
338 197 512 240 uarmmen
534 195 783 240 contonamoun.
804 194 833 237 o.
853 186 899 239 48.
918 187 963 239 tu.

99 357 286 412 tretractum
308 350 433 411 aiebant.
464 351 492 410 ls
512 370 579 412 oum
598 370 631 415 se
649 353 760 414 diceret
773 356 967 416 indicaturum
983 357 1019 416 de
1032 374 1102 418 con·

127 434 312 508 iurationepi
331 433 403 494 tides
422 433 540 512 publica
555 433 621 496 data
634 443 721 503 esset,
742 437 843 497 iussus·
857 454 874 498 a
887 437 1008 500 consule
1027 456 1103 518 quae

127 519 216 578 eoiret
233 516 363 585 edicere,
386 517 488 578 Mem
505 516 569 579 iero
584 533 659 597 quae
679 517 852 587 Volturcium,
875 520 912 581 de
932 523 1102 599 peratls'in·

127 599 236 661 cendiis
258 598 294 659 de
310 599 399 660 caerle
414 598 616 661 honorumue
635 602 739 678 itinere
752 600 889 673 bestiam,
904 611 1037 665 senatum
1050 605 1103 668 ‹to-

126 691 188 743 oet:
203 692 356 760 praeterea
373 700 406 743 se
421 684 542 744 missum
556 701 574 744 a
588 683 626 744 ll.
642 682 760 753 Crasso,
776 686 826 763 qui
839 685 976 748 Catil'nae
988 690 1126 751 mitia-s

126 775 185 835 ret,
206 784 244 826 ne
264 783 332 826 mm
348 764 487 827 lentulus
509 772 539 828 et
555 766 701 845 Cethegus
721 767 827 847 aliique
848 787 884 829 ex
902 771 1103 832 ceniurutione

124 849 300 927 deprehensi
327 855 486 918 terrerent,
513 867 607 928 eoque
625 851 718 927 magis
741 860 915 928 properaret
935 854 971 914 ad
996 852 1103 914 urbem

125 933 279 1001 abcedere,
296 949 355 1012 quo
372 939 402 992 et
419 940 585 993 ceterorum
601 934 712 993 animos
728 933 864 996 reliceret
882 942 911 996 et
931 934 972 996 illi
991 934 1104 998 laelius

101 1023 144 1078 oe
157 1015 288 1094 periculo
303 1016 495 1093 eriperemur.
528 1015 645 1076 Setuln
659 1015 834 1095 Tarquinius
850 1016 987 1080 Crassm
1007 1021 1101 1079 nomi·

124 1101 218 1168 nevit,
241 1099 390 1158 hominem
406 1097 536 1159 nobilem
550 1100 694 1159 maxumis
716 1099 819 1160 divitiis
834 1117 947 1161 suntme
962 1103 1101 1179 potentia,
1112 1121 1136 1162 u

124 1180 171 1242 ulii
193 1198 259 1242 rem
279 1180 481 1242 incredibilem
503 1183 574 1251 rati,
596 1196 666 1260 pars
687 1184 803 1243 unctu
823 1198 926 1244 verum
945 1185 1102 1245 ernamu-

124 1263 210 1334 bant,
232 1271 330 1325 tamen
348 1264 415 1342 quia
440 1266 470 1324 in
490 1263 541 1324 tuli
554 1271 689 1343 tempore
710 1271 789 1326 tanta
808 1266 851 1326 ris
864 1266 990 1327 hominis
1009 1269 1102 1345 magis

123 1347 261 1410 leniunda
282 1365 370 1426 quam
390 1347 562 1425 erogitamla
581 1347 749 1417 ridebatur,
776 1347 911 1428 plerique
939 1349 1043 1410 Crasso
1065 1367 1101 1410 ex

124 1433 248 1510 nogotiis
269 1432 387 1509 privatis
407 1431 539 1501 obnoxii,
562 1430 745 1492 conclament
757 1432 884 1492 irrrbcem
903 1431 1008 1494 falum
1027 1447 1099 1501 csse,

99 1515 222 1594 saleque
246 1531 280 1576 ea
294 1531 327 1576 re
341 1513 489 1592 postulant
509 1515 551 1575 uti
571 1515 726 1576 referatur.
757 1515 858 1592 ltaque
871 1514 1040 1576 consulente
1056 1514 1100 1576 Ci·
1111 1532 1136 1572 u

124 1616 233 1661 corone
245 1598 384 1676 frequens
397 1604 515 1678 senatus
529 1598 674 1660 decernit:
689 1597 830 1675 Tarquini
843 1597 981 1658 indicium
995 1597 1102 1659 ialsrrm

124 1681 226 1749 videri,
250 1696 376 1758 eumque
391 1682 421 1740 in
442 1681 564 1741 vinculis
582 1680 777 1750 retinendum,
794 1694 892 1758 neque
905 1680 1029 1758 amplius
1047 1697 1101 1758 po-

127 1767 261 1825 testatem
276 1763 451 1832 inmundam,
467 1765 523 1825 nisi
538 1765 574 1826 dc
592 1782 626 1826 eo
640 1764 790 1833 indicaret,
806 1764 890 1824 cuius
903 1762 1024 1824 consilio
1037 1769 1100 1823 tan-

101 1854 185 1909 rtam
195 1864 260 1909 rem
276 1853 352 1908 essee
365 1847 512 1908 mentitus.
534 1848 626 1908 Erunt
639 1865 674 1908 eo
684 1854 818 1925 temporo
828 1847 879 1925 qui
894 1847 1102 1908 existumarent

124 1930 268 1992 indicium
285 1929 386 1991 illude
406 1930 438 1990 P.
453 1929 595 1991 lenonio
612 1929 823 1997 machinatum,
849 1945 907 2007 que
922 1929 1034 1989 facilius
1050 1930 1100 1990 ad·
1110 1948 1136 1990 ao

124 2013 231 2092 pelato
245 2013 351 2074 Crasso
367 2030 421 2090 per
439 2013 608 2074 societatem
625 2011 750 2089 perleui
765 2012 891 2072 relicuos
908 2011 984 2072 illius
997 2018 1100 2090 poten-

102 2099 167 2158 etia
188 2103 313 2173 tegeret.
325 2095 385 2156 Alii
397 2096 590 2175 Tarquinium
607 2112 624 2154 a
643 2093 785 2155 Cicerone
799 2094 952 2154 inmissum
974 2094 1100 2163 aiebant,

125 2197 164 2241 ne
179 2177 301 2239 Crassus
314 2196 397 2239 more
413 2196 467 2239 suc
480 2183 616 2256 suscepto
632 2175 776 2237 melorum
792 2177 954 2255 patrocinio
969 2194 1033 2238 rem
1046 2195 1101 2254 pu·

100 2262 233 2325 ebitum
254 2261 453 2323 conturbaret.
476 2262 574 2339 lpsum
594 2258 731 2322 Crassum
746 2275 800 2337 ego
814 2265 915 2339 posteo
929 2261 1100 2338 praedican-

125 2354 186 2407 tem
199 2345 304 2414 audiri
325 2351 436 2406 tantam
448 2343 527 2405 illam
542 2341 747 2405 contumeliam
768 2342 824 2404 eriri
845 2342 882 2404 ab
898 2342 1039 2404 Cicerorre
1057 2345 1100 2403 in·
1111 2363 1137 2404 ac

77 2506 116 2572 te
126 2435 263 2573 pomSssl
274 2512 382 2572 eisdem
393 2510 574 2588 temporibus
585 2511 619 2581 Q.
633 2509 750 2570 Catulus
763 2516 792 2569 et
801 2509 837 2568 C.
849 2507 916 2567 Piso
927 2525 1023 2586 neque
1034 2524 1101 2584 pre·

127 2597 172 2657 cio
187 2611 284 2673 neque
301 2594 393 2670 gratia
415 2593 587 2654 Ciceronem
607 2591 747 2667 inpellere
765 2591 899 2666 quivere,
921 2590 964 2650 uti
984 2608 1038 2668 per
1053 2591 1101 2650 Al·

126 2678 264 2753 lobroges
291 2685 341 2738 aut
362 2677 451 2736 alium
473 2673 601 2734 indicem
623 2673 656 2733 C.
679 2673 786 2733 Caum
804 2670 876 2732 falso
888 2674 1098 2734 nominaretur.

102 2759 203 2826 ellam
220 2765 344 2837 uterque
364 2775 432 2819 cum
451 2755 502 2817 illo
523 2756 619 2832 gravis
639 2754 802 2814 immittas
821 2755 1012 2818 exercebant:
1034 2757 1136 2818 Pisoeo

128 2841 313 2919 obpugnatus
332 2843 364 2901 in
383 2841 490 2901 iudicio
511 2838 704 2917 pecuniarum
724 2837 954 2914 repetundarum
980 2847 1101 2917 propter

129 2923 280 2984 minatam
294 2923 496 3001 Transpedeni
509 2919 685 3000 subplicium
696 2921 849 2991 iniustum,
871 2922 988 2982 Catulos
1001 2939 1037 2981 ex
1049 2937 1100 2997 pe·

128 3007 229 3088 titione
240 3006 424 3085 pontificatum
438 3007 504 3066 odio
519 3006 666 3073 incensus,
683 3003 760 3082 quod
778 3011 907 3066 extrema
921 3009 1023 3072 aetate,
1038 3021 1099 3062 ma·

127 3091 223 3151 rumis
248 3088 411 3150 honoribus
434 3105 524 3165 psus,
550 3087 587 3149 ab
616 3085 833 3148 adulescentulo
861 3085 984 3146 Caesare
1008 3086 1100 3146 victm

103 3175 310 3237 adiscesserat.
355 3172 413 3234 lies
430 3179 528 3233 autem
541 3177 710 3249 opportuna
723 3171 886 3239 videbatur,
900 3168 979 3244 quod
999 3168 1024 3227 'u
1040 3170 1100 3246 pri·
1111 3192 1136 3232 ar

127 3260 214 3318 vatim
229 3257 347 3335 egregia
355 3255 535 3325 liberalitate,
548 3254 665 3333 publico
678 3253 821 3313 maxumis
830 3250 1001 3311 muneribus
1013 3266 1100 3328 gran·

102 3341 198 3402 edem
208 3343 362 3418 pecuniam
374 3338 506 3401 debebat.
530 3338 582 3401 Set
590 3338 642 3400 ubi
653 3335 803 3398 consonam
816 3334 854 3394 ad
867 3339 979 3394 tuntum
990 3333 1102 3394 lacinus

127 3423 269 3500 inpellere
300 3429 450 3504 nequeunt
498 3423 553 3500 ipsi
584 3419 749 3498 singulatim
777 3417 985 3479 circumeundo
1015 3427 1101 3497 atque
