2422 3854
286 532 383 614 Gal
412 529 668 612 SALLVSTI
700 528 873 610 CRISPI

524 730 636 782 LIBER

169 908 240 997 DE
269 905 552 995 CATILINAE
580 904 994 995 CONIVRATIONE.

509 1121 657 1130 ...na-

150 1215 288 1352 *Omnis
309 1277 457 1347 homines,
488 1283 537 1354 qui
563 1295 628 1337 sese
656 1277 773 1337 student
800 1285 950 1353 praestare
972 1281 1102 1346 eeterisI

91 1361 280 1433 animalibus,
304 1377 417 1422 summa
434 1377 490 1438 ope
507 1359 560 1419 niti
573 1359 673 1431 decet,
696 1376 734 1419 ne
749 1361 835 1420 vitam
850 1360 964 1421 silentio
978 1369 1073 1424 trans·

91 1453 159 1509 eam
181 1445 267 1508 veluti
288 1460 405 1522 pecora,
428 1460 504 1521 quae
525 1449 630 1503 natura
655 1460 748 1520 prona
768 1450 856 1520 atque
870 1445 963 1504 ventri
985 1445 1073 1508 ehoe-

91 1530 199 1592 dientIa
221 1529 312 1590 fluxit.
357 1526 408 1589 Set
428 1533 528 1587 nostra
551 1527 644 1586 omnis
666 1526 759 1587 visin
781 1527 878 1587 auimo
900 1535 929 1588 et
950 1543 1100 1606 corporea

69 1614 145 1674 esita
168 1620 227 1674 est:
255 1610 342 1674 animi
362 1608 492 1688 imperio,
523 1609 656 1686 eorporis
682 1610 798 1670 servitio
826 1611 918 1689 magis
948 1612 1074 1676 utimur:

90 1696 216 1757 alterum
235 1694 320 1755 nobIs
342 1712 409 1755 eum
424 1694 496 1764 deis,
519 1691 644 1754 alterum
659 1711 726 1754 cum
740 1691 836 1754 beluIs
851 1712 1007 1756 commune
1022 1705 1079 1762 est..

92 1778 156 1849 Quo
171 1779 243 1839 mihi
256 1778 365 1838 rectius
379 1777 493 1838 videtur
501 1777 601 1853 ingeni
617 1794 704 1853 quam
720 1777 824 1838 virium
835 1777 940 1856 opibus
951 1779 1100 1855 gloriam3

92 1881 236 1942 quaerere
262 1869 306 1935 et,
338 1861 476 1939 queniam
503 1860 560 1919 vila
590 1860 652 1938 Ipsa
675 1877 732 1938 qua
754 1859 881 1920 fruimur
900 1859 999 1922 brevis
1021 1871 1073 1934 est,

92 1947 263 2007 memoriam
290 1945 385 2004 nestri
412 1961 500 2023 quam
528 1961 666 2004 maxume
687 1941 805 2019 longam
828 1943 955 2005 efficere.
1000 1945 1100 2009 Nune

59 2044 83 2085 ιο
93 2031 257 2092 divitiarum
279 2032 307 2088 et
329 2026 442 2089 formae
464 2027 557 2105 gloria
580 2027 658 2088 ssuxa
680 2033 767 2105 atque
783 2024 892 2103 fragilis
908 2035 966 2099 est,
983 2030 1076 2092 virtus

94 2113 172 2175 clara
194 2119 373 2189 aeternaque
394 2111 530 2172 habetur.

176 2195 227 2256 Set
249 2193 298 2254 diu
325 2210 466 2271 magnum
493 2196 571 2255 iuter
593 2191 723 2254 mortalis
744 2201 893 2254 certamen
916 2195 983 2266 suit,
1010 2198 1102 2258 vinee

94 2279 227 2357 eorporis
249 2293 286 2336 an
305 2277 412 2337 virtute
434 2278 523 2338 animi
552 2294 600 2337 res
623 2276 754 2335 militaris
777 2277 869 2351 magis
889 2278 1074 2353 procederet.

92 2362 167 2424 Nam
196 2366 224 2422 et
248 2359 331 2438 prius
352 2378 440 2437 quam
462 2360 583 2436 incipias
606 2357 747 2426 consulto,
772 2365 800 2418 et
822 2356 871 2418 uhi
893 2360 1102 2424 consuluerise

75 2452 210 2507 emanue
231 2442 308 2505 faeta
331 2460 405 2522 opus
427 2450 479 2505 est.
517 2442 560 2502 Ita
579 2449 738 2518 utrumque
755 2459 809 2518 per
827 2459 859 2501 se
881 2443 1014 2520 indigens
1034 2444 1101 2506 al·7

93 2536 192 2591 terum
213 2527 332 2588 alterius
353 2527 460 2589 auxillo
484 2532 558 2604 eget.
574 2526 681 2602 ,Igitur
697 2525 777 2585 initio
798 2541 937 2602 reges-
958 2543 1027 2588 nam
1046 2529 1107 2589 iu2

50 2614 180 2694 *vtemis
199 2628 307 2672 nomen
321 2614 427 2690 imperi
444 2611 473 2674 id
491 2612 536 2690 pr·
569 2604 621 2672 um
642 2607 697 2669 fuit
721 2642 755 2652 -
780 2608 888 2669 diversi
908 2627 978 2688 pars
996 2611 1076 2689 inge·

94 2697 190 2770 nium,
207 2694 253 2756 alii
269 2711 377 2774 eorpus
392 2695 585 2758 exercebant:
609 2694 758 2756 etiamtum
775 2693 832 2752 vita
847 2692 999 2756 hominum
1014 2697 1076 2758 sine

95 2777 252 2858 eupiditate
274 2777 453 2852 agitabatur,
476 2798 529 2842 sua
550 2778 656 2858 cuique
678 2777 747 2836 satis
768 2774 931 2854 placebant.
970 2779 1100 2843 Posteaa

60 2878 165 2926 severe
192 2879 280 2940 quam
309 2863 338 2923 iu
365 2863 431 2923 Asia
458 2863 564 2944 Cyrus,
591 2864 621 2923 in
647 2860 770 2924 Graecia
791 2859 1013 2926 Lacedaemonii
1047 2872 1076 2927 et

100 2947 292 3010 Athenienses
313 2963 438 3025 coepere
453 2947 536 3010 urhis
553 2953 641 3026 atque
659 2946 791 3006 nationes
806 2945 954 3025 subigere,
969 2948 1075 3010 lubidi-

94 3048 163 3093 nem
190 3030 358 3093 dominandi
385 3048 504 3094 eausam
534 3029 603 3093 belli
621 3030 741 3100 habere,
765 3048 932 3093 maxumam
953 3032 1077 3109 glumam

95 3116 125 3177 in
140 3115 411 3196 maxumalmperio
422 3122 542 3193 putare,
561 3123 623 3176 tum
639 3115 757 3177 demum
772 3114 1005 3196 periculumque
1024 3133 1076 3176 ne·

97 3199 182 3276 gotiis
205 3207 379 3279 conpertum
399 3205 442 3261 est
463 3200 492 3260 in
514 3197 591 3260 bello
617 3199 787 3279 plurumum
806 3200 956 3275 ingemum
978 3216 1074 3278 posse.

64 3281 182 3353 1⁵0qu
211 3284 235 3343 si
263 3300 368 3361 regum
396 3290 483 3364 atque
495 3282 704 3361 imperatorum
725 3283 813 3344 animi
834 3284 926 3345 virtus
946 3284 976 3344 in
1002 3293 1103 3359 paeea

92 3365 136 3425 ita
157 3371 191 3426 ut
211 3366 336 3429 inbelle
357 3367 480 3442 valeret,
502 3367 686 3450 aequab'u'uus
705 3373 798 3446 aumas
818 3367 1013 3506 euusuauu'xus
1029 3375 1106 3415 aasz.

161 3461 297 3521 Sauum.
