2422 3854
144 192 186 252 ⁴10
340 209 383 250 ou
405 207 508 249 sunno
533 204 734 249 rvcvuuuruo
759 204 785 246 c.
803 198 826 249 5.
847 194 872 250 6,
895 193 910 248 7

143 354 256 417 nahelis
274 355 388 425 fratris,
411 372 499 432 quem
515 353 680 422 Masinissa,
702 353 782 430 quod
804 358 886 413 ortus
906 370 939 412 ex
964 351 1130 414 concubina

146 447 223 509 erat,
246 439 390 516 privatum
412 435 615 514 dereliquerat,
632 436 736 497 eodem
758 434 838 495 cultu
856 453 915 512 quo
928 433 1037 494 liberos
1058 452 1129 495 suos

147 521 226 582 domi
245 520 357 581 habuit.
827 574 831 583 ,
895 545 896 548 ’

114 602 135 662 6
232 605 288 674 Qui
298 603 487 681 ubiprimum
498 601 634 671 adolevit,
650 601 763 678 pollens
778 600 902 669 viribus,
919 601 1026 661 decora
1040 599 1126 670 faeie,

145 695 189 748 set
206 687 298 747 multo
317 705 453 748 maxumo
472 686 589 762 iugenio
608 684 732 754 validus,
756 702 816 745 non
833 702 866 744 se
882 683 954 744 luxu
969 702 1066 762 neque
1082 686 1149 749 iu·r

145 772 235 832 ertiae
250 769 505 848 conrumpendum
525 768 617 837 dedit,
639 775 697 837 set,
720 770 762 828 uti
784 785 847 828 mos
868 769 961 844 gentis
974 767 1051 828 illius
1072 776 1126 837 est,

145 856 274 932 equitare
285 853 506 930 iacularioursu
516 870 584 913 oum
594 851 765 930 aequalibus
775 859 899 920 certare,
913 858 941 911 et
953 869 1020 911 cum
1031 853 1128 911 omnis

144 937 236 1014 gloria
252 939 384 1005 anteiret,
400 936 536 996 omnibus
552 943 650 996 tamen
664 952 752 994 carus
768 952 844 996 esse:
860 935 896 996 ad
915 934 972 994 hoc
986 933 1129 1012 pleraque

147 1030 281 1098 tempora
294 1023 325 1080 in
341 1020 474 1080 venando
491 1034 589 1095 agore,
603 1017 719 1078 leonem
736 1025 822 1096 atque
836 1017 906 1078 alias
921 1016 999 1078 ieras
1014 1019 1128 1095 primus

145 1111 195 1164 aut
216 1106 246 1163 in
266 1104 368 1181 primis
390 1103 495 1163 ferire:
518 1101 688 1179 plurumum
702 1100 810 1170 lacere,
830 1103 993 1162 minumum
1009 1102 1072 1180 ipse
1090 1100 1161 1169 deu

119 1197 177 1248 ase
198 1186 288 1264 loqui.
318 1185 431 1256 Quibus
441 1185 532 1245 rebus
546 1185 662 1262 Micipsa
680 1185 796 1245 tametsi
812 1186 893 1245 initio
914 1183 1007 1245 laetus
1029 1183 1128 1244 iuerat

146 1269 324 1330 existumans
338 1268 751 1345 virtutemlugurthaeregno
772 1286 826 1328 suo
848 1268 958 1345 gloriae
980 1267 1059 1336 iore,
1081 1273 1126 1329 ta·

145 1371 213 1414 men
233 1360 388 1430 postquam
401 1351 550 1412 hominem
570 1351 786 1413 adulescentem
803 1359 903 1413 exacta
918 1369 970 1412 sua
989 1357 1082 1413 aetate
1098 1359 1130 1412 et

144 1437 242 1516 parvis
261 1435 361 1496 liberis
375 1437 467 1512 magis
485 1436 636 1514 magisque
651 1452 786 1496 crescere
804 1435 952 1512 intellegit,
969 1435 1126 1496 vehemen-

143 1527 190 1581 ter
213 1536 248 1581 eo
271 1521 389 1596 negotio
411 1527 563 1597 permotus
583 1518 673 1579 multa
695 1537 761 1579 cum
784 1520 881 1580 animo
907 1535 960 1578 suo
983 1517 1162 1584 volvebatn

117 1602 289 1666 3'l'errebat
308 1620 375 1662 eum
395 1612 498 1662 natura
526 1603 692 1663 mortalium
714 1603 796 1663 avida
807 1602 912 1678 imperi
933 1609 963 1661 et
982 1618 1130 1678 praeceps

145 1686 182 1746 ad
196 1685 368 1762 explendam
384 1687 472 1745 animi
491 1685 655 1761 cupidinem
688 1692 841 1763 praeterea
847 1687 1050 1763 opportunitas
1056 1701 1131 1745 suae

141 1768 365 1845 liberorumque
377 1770 485 1837 aetatis,
498 1787 572 1846 quae
584 1772 670 1830 etiam
680 1768 836 1828 mediocris
848 1770 926 1826 viros
937 1784 989 1846 spe
999 1768 1130 1845 praedae

144 1861 329 1912 transvorsos
351 1853 423 1929 agit,
448 1853 484 1912 ad
504 1851 562 1912 lroo
579 1853 671 1913 studia
694 1851 888 1912 Numidarum
902 1851 932 1909 in
953 1850 1128 1927 Iugurtham

144 1935 283 2011 adcensa,
310 1934 484 2014 exquibus,
506 1937 531 1995 si
548 1935 636 1996 talem
655 1938 750 1996 virum
772 1935 845 1994 dolis
859 1933 1066 2002 interfecisset,
1088 1951 1162 1995 neat

112 2021 204 2098 7qua
225 2019 328 2078 seditio
351 2027 401 2080 aut
419 2019 530 2080 bellum
553 2021 681 2079 oriretur
701 2020 805 2078 anxius
823 2024 894 2076 orat.
938 2017 987 2076 Eis
1005 2016 1129 2077 diiiicul-

29 2154 36 2169 ,
145 2102 254 2162 tatibus
270 2103 486 2164 circumventus
500 2102 551 2163 ubi
566 2103 643 2162 videt
657 2119 753 2179 neque
767 2119 821 2178 per
836 2100 894 2159 vim
908 2117 1005 2178 neque
1018 2101 1130 2160 insidiis

145 2185 271 2262 obprimi
290 2203 378 2264 posse
399 2186 548 2247 hominem
568 2192 629 2245 tam
651 2192 803 2261 acceptum
825 2181 1025 2262 popularibus,
1050 2185 1131 2261 quod

145 2275 209 2329 erat
227 2268 368 2344 lugurtha
383 2289 472 2330 manu
487 2277 641 2347 promptus
657 2276 686 2329 et
700 2269 840 2347 adpetens
857 2267 967 2344 gloriae
985 2267 1127 2337 militaris,

144 2353 243 2412 statuit
260 2371 327 2413 eum
349 2353 496 2414 obiectare
516 2352 654 2430 periculis
677 2359 706 2413 et
720 2370 755 2413 eo
776 2351 864 2412 modo
887 2351 1037 2412 fortunam
1054 2357 1163 2411 tem-aa

144 2428 236 2515 pule.

117 2537 134 2584 2
228 2521 320 2597 lgitur
340 2519 418 2580 bello
439 2520 617 2581 Numantino
633 2519 751 2596 llioipsa
773 2536 840 2578 eum
863 2519 973 2596 populo
994 2517 1129 2578 Romano

145 2605 277 2682 equitum
297 2609 384 2679 atque
397 2602 530 2679 peditum
544 2603 648 2663 auxilia
663 2604 806 2667 nutteret,
829 2617 951 2677 sperans
969 2599 1016 2661 vel
1030 2608 1128 2661 osten·

143 2687 233 2746 tando
253 2687 389 2744 virtutem
405 2683 451 2744 vel
472 2684 598 2744 hostium
618 2685 735 2742 saevitia
754 2681 839 2742 iacile
854 2701 921 2742 eum
942 2701 1127 2753 occasurum,

117 2768 286 2845 apraeiecit
301 2766 442 2844 Numidis,
453 2785 527 2845 quos
547 2769 576 2826 iu
592 2767 759 2843 Hispaniam
779 2765 921 2826 mittebat.
962 2767 1013 2828 Set
1029 2785 1062 2827 ea
1079 2767 1166 2829 resao'

117 2850 231 2924 «alonge
247 2848 330 2908 aliter
351 2866 386 2908 ac
403 2858 486 2909 ratus
503 2859 567 2909 erat
586 2851 689 2909 evenit.
732 2848 805 2910 Nam
827 2848 987 2927 Iugurtha,
1010 2856 1044 2910 ut
1066 2858 1130 2910 erat

144 2933 261 3008 inpigro
283 2938 371 3007 atque
394 2933 454 2992 aori
476 2933 607 3008 ingenio,
629 2932 681 2992 ubi
702 2940 837 2993 naturam
851 2934 884 2994 P.
904 2934 1055 3011 Scipionis,
1078 2934 1130 3010 qui

144 3022 207 3074 tum
227 3013 366 3073 Romanis
379 3018 540 3094 imperator
557 3023 633 3086 erat,
655 3022 683 3077 et
702 3034 815 3078 morem
834 3017 961 3077 hostium
983 3017 1127 3092 cognovit,

145 3097 236 3159 multo
254 3096 357 3158 lalrore
377 3098 525 3177 multaque
548 3117 633 3169 cura,
656 3107 809 3178 praeterea
830 3101 1053 3161 modestissume
1074 3116 1127 3176 pa·

146 3183 239 3244 rendo
261 3188 290 3242 et
306 3199 394 3261 saepo
409 3181 523 3245 obviam
540 3185 637 3244 eundo
652 3185 789 3262 periculis
809 3185 838 3243 in
852 3190 961 3242 tantam
978 3182 1126 3243 claritudi·
1136 3186 1176 3244 aa

145 3284 213 3326 uem
232 3266 316 3326 brevi
336 3274 526 3342 pervenerat,
553 3277 586 3328 ut
607 3271 714 3329 nostris
734 3269 922 3328 vehementer
944 3283 1044 3333 carus,
1064 3264 1126 3325 Nu·

122 3351 283 3410 amantinis
304 3367 441 3412 maxumo
463 3354 572 3413 terrori
593 3360 677 3414 esset.
720 3352 761 3410 Ac
779 3367 859 3418 sanc,
883 3351 959 3428 quod
983 3346 1127 3408 difficillu-

144 3433 269 3491 mumiu
280 3435 385 3508 primis
398 3443 451 3508 est,
475 3444 504 3497 et
516 3437 630 3517 proelio
645 3445 783 3496 strenuus
804 3442 868 3493 erat
889 3439 918 3492 et
937 3432 1033 3493 bouus
1055 3449 1127 3492 oon·
