2422 3854
308 228 472 273 susanne
490 227 691 273 recessurus
715 229 742 272 c.
764 219 807 274 ²4.
828 221 871 274 25.
1037 213 1077 274 bs

102 384 147 440 est
168 377 300 447 relicum,
320 379 377 439 nisi
393 380 554 446 menstra,
578 395 637 455 quo
651 376 763 438 merui
779 377 887 454 possiti
929 377 1003 440 Nam
1024 384 1105 454 egeo

103 461 221 543 qrridem
239 460 354 530 rebem,
376 467 406 522 et
425 461 500 522 baec
520 478 596 538 quae
610 460 724 531 scribe,
741 467 771 521 et
783 459 832 520 illa
853 476 927 541 quae
941 468 1026 525 antea
1047 465 1078 525 in

101 552 205 608 senatu
230 551 348 624 quecun
360 560 532 614 sum-vana
545 543 643 604 furem
662 545 759 621 petius
775 560 864 624 quam
879 547 996 608 misma
1013 564 1078 608 mes

102 629 191 690 tidem
218 627 314 689 verbis
334 626 452 688 faceret.
502 627 552 688 Set
574 628 711 706 quoniam
732 644 769 688 ec
788 633 874 688 natus
890 646 965 700 sum,
983 630 1120 700 ullu-10

81 711 228 788 aguruae
247 710 394 772 scelerum
413 711 540 772 ostentui
558 727 669 780 essem,
691 726 752 770 nen
765 711 824 771 iam
836 720 962 773 mortem
982 731 1078 794 neque

101 810 265 864 aerumnas,
287 800 401 856 mutum
414 793 503 854 modo
517 794 625 854 inimici
636 794 796 872 Imperium
812 803 841 856 et
851 797 997 857 cruciatus
1012 815 1078 859 cor·

100 879 181 956 poris
202 878 356 956 deprecor.
398 877 501 954 Regno
522 875 689 946 Numidiae,
711 876 791 955 quod
810 883 941 938 vostrum
958 886 1015 949 est,
1036 883 1079 942 uti

100 959 192 1031 lubet,
215 960 371 1023 consulite:
386 959 585 1022 mamanibus
596 960 683 1037 inpiis
697 959 809 1036 eripite,
829 977 884 1039 per
899 961 1079 1024 maiestatem

98 1045 216 1123 imperi,
227 1059 282 1121 per
302 1045 447 1104 amicitiae
463 1043 561 1112 belem,
579 1044 605 1105 si
623 1041 682 1103 ulla
704 1043 782 1120 apud
803 1060 855 1103 ros
869 1046 1011 1106 memoria
1030 1064 1078 1107 re·

67 1135 198 1188 remanet
219 1129 264 1187 ari
284 1128 344 1188 mei
363 1125 548 1189 Masinissae!

183 1210 235 1271 llis
261 1208 365 1270 litteris
392 1211 520 1271 recitatis
540 1209 623 1271 luere
645 1210 696 1287 qui
717 1211 878 1271 exercitum
898 1211 930 1271 in
950 1209 1078 1273 Africam
1087 1212 1128 1278 25

99 1293 275 1355 mittundum
301 1299 456 1353 censerent
484 1299 515 1352 et
541 1309 629 1370 quam
649 1293 776 1369 primum
795 1292 956 1355 Adherbali
973 1294 1078 1358 subve-

99 1376 258 1443 niundum,
281 1374 317 1434 de
339 1373 480 1450 Iugurtha
499 1375 617 1435 interim
638 1375 681 1435 uti
702 1374 922 1446 consuleretur,
942 1381 1079 1456 quoniam

98 1459 202 1536 legatis
221 1473 281 1517 nen
302 1458 456 1535 paruisset
480 1456 531 1518 Set
547 1456 585 1517 ab
607 1456 717 1518 eisdem
738 1456 794 1518 illie
815 1459 894 1534 regie
915 1460 1104 1523 fautoribuaa

61 1558 213 1604 sesumma
235 1557 290 1619 ope
311 1542 437 1609 enisum,
459 1558 498 1602 ne
518 1540 576 1603 talc
594 1541 744 1603 deuotum
764 1541 858 1603 beret.
902 1541 945 1602 lta
965 1542 1101 1606 horruere

97 1624 257 1704 publicum,
274 1630 308 1685 ut
327 1626 358 1686 in
378 1622 527 1705 plerisque
546 1625 672 1703 negotiis
691 1624 774 1695 solet,
792 1626 903 1704 privata
919 1629 1011 1705 gratia
1026 1628 1077 1689 de·

98 1711 214 1771 victum.
240 1708 390 1787 legantur
406 1715 505 1771 tamen
524 1710 555 1770 in
566 1710 693 1770 Africam
705 1709 832 1771 maiores
852 1717 922 1770 natu
953 1709 1102 1779 nobilest

98 1791 202 1870 amplis
220 1791 384 1852 bonoribus
403 1793 465 1861 usi,
492 1795 523 1852 in
545 1793 609 1870 quis
635 1792 691 1854 luit
715 1792 753 1853 bl.
782 1791 926 1863 Scaurus,
956 1794 994 1854 de
1020 1813 1078 1875 quo

98 1892 187 1954 snpra
207 1875 447 1942 memoravimus,
476 1873 636 1936 consularis
657 1882 687 1936 et
710 1881 774 1936 tum
793 1882 910 1936 senatus
931 1879 1076 1956 princeps.

63 1982 89 2026 n
98 1960 142 2029 lli,
165 1959 243 2039 quod
255 1976 305 2021 ree
317 1961 349 2020 in
368 1957 474 2019 invidia
489 1965 561 2028 erat,
570 1956 657 2019 simul
675 1965 705 2018 et
720 1957 760 2018 ab
773 1958 906 2020 Numidis
920 1959 1101 2030 obsecratis

98 2043 194 2104 triduo
214 2045 311 2107 navim
334 2041 503 2104 ascendere.
523 2043 592 2103 [lein
606 2042 690 2102 brevi
707 2042 820 2105 Uticam
836 2040 951 2120 adpulsi
967 2042 1078 2104 litterae

98 2127 135 2188 ad
158 2125 329 2205 Iugurtham
351 2127 477 2194 mittum,
500 2142 589 2203 quam
609 2127 753 2187 ocissume
773 2125 811 2187 ad
827 2128 1006 2203 provinciam
1026 2127 1077 2188 ad·

99 2210 190 2279 cedat,
210 2227 301 2287 seque
316 2210 354 2271 ad
368 2227 435 2270 eum
452 2208 487 2269 ab
504 2216 606 2270 senam
620 2211 733 2270 missos.
764 2208 816 2270 llle
830 2209 882 2270 ubi
896 2211 1009 2289 aceepit
1022 2210 1102 2276 h0·s

96 2294 189 2353 mines
201 2291 306 2361 clares,
321 2307 448 2371 quarm
459 2293 660 2353 auctoritatem
670 2291 780 2352 Romae
793 2292 905 2369 pellere
918 2295 1075 2364 audiverat,

60 2396 85 2439 ee
96 2380 199 2437 contra
209 2375 360 2452 baceptum
369 2391 457 2434 suum
466 2374 589 2442 venisse,
604 2375 699 2451 primo
715 2380 880 2442 conmotm,
894 2382 975 2435 metu
990 2381 1077 2454 atque

94 2457 224 2520 lubidine
241 2458 374 2519 divorsus
389 2455 567 2535 agitabatur:
591 2455 712 2516 timebat
727 2458 803 2516 iram
820 2464 953 2526 senatus,
975 2459 1006 2518 ni
1026 2475 1104 2536 pa·7

93 2543 201 2604 ruisset
220 2541 337 2619 legalis:
357 2557 449 2620 porro
465 2541 579 2601 animus
599 2539 736 2619 cupidine
751 2556 856 2602 caecus
870 2540 907 2600 ad
928 2540 1076 2619 inceptum

94 2625 190 2687 scelus
211 2625 391 2704 rapiebatur.
434 2622 509 2685 Vicit
529 2631 627 2685 tamen
647 2624 677 2684 iu
707 2623 791 2685 avido
816 2624 933 2702 ingenis
955 2641 1103 2703 pravcme

95 2708 260 2770 consilium.
308 2708 402 2787 Igitur
428 2710 559 2770 exercitu
586 2707 766 2769 circumdato
785 2724 899 2769 summa
918 2707 947 2768 ri
966 2706 1102 2777 Cirtsmn

57 2793 264 2870 soirrmmpere
285 2793 399 2861 nititur,
418 2806 554 2853 maxume
571 2808 693 2871 sperans
711 2791 829 2853 diduma
843 2806 933 2852 manu
947 2791 1075 2853 bostium

93 2883 145 2936 aut
163 2876 192 2935 vi
213 2880 264 2934 aut
290 2873 363 2934 dolis
385 2891 449 2936 sees
471 2892 571 2936 casum
590 2876 728 2936 victoriae
750 2875 947 2936 mventartnn.
990 2875 1075 2946 Quod
1087 2887 1119 2940 10

92 2959 146 3020 ubi
158 2974 244 3020 sessu
258 2957 400 3035 procedit,
415 2975 512 3036 neque
531 2959 611 3037 prod
621 2959 787 3021 intenderat
801 2958 919 3020 efficere
933 2967 1030 3038 petest
1044 2967 1077 3021 ut

93 3043 176 3118 prins
190 3058 279 3121 quam
292 3040 404 3120 legatus
423 3042 592 3103 conveniret
600 3040 774 3103 Adherbalis
791 3043 945 3121 potiretur,
960 3061 998 3102 ne
1014 3058 1075 3102 am-

94 3125 171 3206 plius
195 3125 338 3185 morando
366 3124 632 3203 &ennumquam
653 3124 824 3203 plurumum
845 3124 1008 3192 nretuebat,
1031 3125 1075 3183 in·

57 3210 242 3278 ascenderet,
267 3226 334 3268 cum
356 3209 459 3287 paucis
478 3208 622 3287 equitibus
645 3209 675 3270 in
697 3210 877 3287 provinciam
899 3207 986 3267 venit.
1033 3207 1117 3267 tell

92 3294 207 3356 umetsi
222 3292 315 3352 senati
335 3291 433 3353 verbis
450 3307 553 3368 graves
574 3292 670 3353 urinae
689 3291 913 3359 nuntiabantur,
942 3289 1021 3368 qnod
1038 3289 1074 3350 ab

93 3375 313 3457 obpugnatione
340 3392 401 3435 non
423 3375 589 3443 desisteret,
618 3374 709 3437 multa
730 3382 829 3437 tamen
851 3372 983 3433 oratione
1005 3389 1075 3435 eon·

91 3467 208 3540 sumpta
228 3457 317 3535 legati
336 3459 446 3521 frustra
467 3458 637 3521 discessere.
