2422 3854
127 110 167 174 78
300 123 343 164 ou
365 120 468 165 sunno
491 118 692 164 nuenarianae
715 61 745 160 o.
766 109 811 164 64.
834 109 877 166 65·
898 109 943 165 66.

126 272 313 335 habiturum:
329 269 551 346 abimperatora
566 267 698 330 consulto
713 268 798 337 trahi,
814 266 894 347 quod
908 266 997 326 homo
1012 267 1111 329 inanis

96 363 156 418 oet
179 355 278 433 region
296 350 452 433 superbiae
463 353 587 431 imperio
608 352 695 415 nimis
716 351 866 430 garrdemt.
911 349 993 422 Quae
1008 352 1111 419 omnia

127 439 183 502 illie
195 456 231 501 eo
244 436 376 505 firmiora
384 434 571 506 videbantum
587 436 665 514 quod
679 435 867 496 diuturnitate
880 433 951 496 lolli
960 451 1012 496 res
1024 433 1111 498 hmi-

128 522 212 584 liaris
224 527 436 600 conruperant,
459 527 489 581 et
503 521 599 582 auimo
615 516 745 596 cupienti
764 517 837 580 nihil
852 520 922 591 satu
943 518 1110 582 susurratur.

77 608 118 670 65
129 605 202 667 Erat
214 611 367 682 praeterea
385 606 419 665 iu
432 605 562 665 marona
585 610 686 666 nostru
699 602 826 666 Numida
839 601 973 680 quidam,
988 605 1140 666 nominas.

129 688 238 758 Gauda,
253 687 460 752 Mastanabalis
473 686 565 758 illius,
580 687 748 749 Masinissae
762 703 873 766 napos,
888 703 977 765 quam
987 686 1109 765 Micipsa

128 779 301 835 muamauto
313 772 478 834 seoimdur'u
489 771 631 833 heredem
645 773 810 850 scripserat,
825 769 939 831 moritis
954 770 1110 833 coniectus

99 864 157 917 aet
171 855 209 917 ob
225 874 291 919 eam
311 873 431 919 oausam
458 861 558 916 mente
576 852 727 934 paululum
749 855 901 915 inminuta.
938 853 992 915 Cui
1005 853 1109 921 ldetel·

128 939 174 1001 lus
187 943 300 1020 petenti
309 958 393 1001 more
403 956 508 1016 regum
518 946 554 999 ut
563 936 665 1008 sellam
679 941 760 1000 iuxta
772 943 907 1019 poneret,
921 938 992 1000 item
1004 944 1110 1016 postea

129 1023 279 1085 oiutodiaa
303 1040 392 1085 eausa
415 1030 544 1084 turmam
563 1022 694 1102 equinam
708 1023 925 1092 Romanorum,
948 1025 1143 1101 utrumquo¹0

130 1115 303 1182 negaverat:
317 1106 471 1176 honorem,
487 1105 566 1184 quod
578 1123 684 1166 eorum
699 1122 784 1167 more
800 1106 878 1168 foret
891 1122 965 1186 quos
978 1106 1110 1184 populus

129 1189 279 1252 Romanus
293 1207 379 1268 roges
392 1188 601 1270 aupauavisset,
616 1189 805 1268 praesidium,
822 1190 901 1269 quod
915 1187 1110 1256 contumelio·

129 1290 195 1333 sum
209 1273 240 1332 in
254 1290 306 1335 eos
320 1274 413 1345 ioret,
435 1275 460 1334 si
475 1274 589 1350 equitas
603 1272 726 1334 Romani
740 1272 878 1338 satellites
892 1271 1034 1335 Numidas
1047 1279 1108 1334 tra·

99 1357 277 1418 adorentur.
312 1356 397 1419 Eune
411 1357 520 1420 ilarius
535 1359 656 1418 anxium
669 1357 840 1436 adgraditur
854 1364 941 1436 notre
960 1357 1107 1426 hortanus,

127 1448 161 1501 ut
180 1440 424 1503 contumeliarum
446 1439 696 1519 inimperatorem
710 1458 779 1502 oum
799 1459 852 1502 suo
868 1439 975 1502 auxilio
996 1445 1143 1519 poenasll

128 1530 225 1602 petat:
233 1523 384 1587 laonimem
395 1524 433 1586 ob
445 1524 565 1586 morbos
576 1525 673 1585 animo
685 1543 791 1604 parum
801 1523 895 1584 valido
903 1524 1033 1584 secunda
1041 1542 1109 1586 ora·

128 1609 208 1668 dona
223 1606 347 1669 extollit:
367 1606 450 1668 illum
464 1625 575 1686 ragam,
591 1610 740 1686 ingentem
753 1609 857 1679 virum,
872 1606 1040 1668 Masinissae
1055 1625 1110 1669 ne·

128 1695 229 1769 potem
244 1708 323 1753 esse:
340 1694 366 1753 si
376 1691 517 1770 iugurtha
531 1698 635 1772 captus
654 1700 703 1753 aut
720 1692 834 1753 oooisus
848 1690 959 1760 toret·
950 1691 1110 1769 imperium

128 1771 319 1836 Numidiae
295 1793 358 1836 sana
373 1793 456 1836 mora
470 1775 653 1837 habiturum:
674 1776 704 1837 id
718 1776 793 1838 adeo
806 1781 922 1838 matrrro
935 1791 1026 1854 possa
1041 1792 1108 1836 ere·

99 1858 204 1928 anua,
225 1859 251 1920 si
269 1860 334 1939 ipsa
352 1859 456 1922 eousul
477 1859 515 1920 ad
535 1861 565 1920 id
584 1859 695 1921 ballum
710 1861 816 1920 missus
838 1859 924 1920 ioret
960 1857 1062 1956 ltaque
1076 1863 1139 1921 at²⁰

128 1940 212 2003 illum
226 1948 255 2003 et
268 1944 383 2022 equites
392 1943 549 2013 Romanos,
565 1943 672 2005 milites
683 1950 712 2004 at
722 1942 928 2019 nogotiatores,
944 1940 1039 2003 alios
1031 1959 1105 2021 apsa,

128 2025 286 2103 plerosque
306 2028 386 2104 pacis
400 2044 468 2105 spos
482 2024 608 2106 inpellit,
632 2029 676 2088 uti
690 2027 813 2090 Romam
829 2024 867 2086 ad
885 2043 955 2088 auos
970 2042 1107 2087 amessa·

129 2110 189 2168 rios
203 2126 307 2186 aspera
327 2111 358 2171 in
371 2110 520 2173 Metellum
539 2110 576 2171 da
590 2109 668 2171 bello
684 2109 828 2180 scribant,
848 2108 1106 2188 llariumlmpara-

98 2197 221 2253 olorem
242 2202 372 2272 poseant.
401 2191 451 2253 sic
468 2192 511 2255 ilii
532 2213 548 2255 a
569 2193 668 2254 multis
689 2193 863 2257 mortalibus
888 2194 1106 2256 honestissuma

127 2276 336 2355 suffragatione
364 2277 533 2340 consulatur
558 2277 728 2356 petebatur:
758 2275 846 2339 simui
873 2294 908 2339 ea
935 2279 1140 2357 tempestate²⁵

127 2360 228 2440 plebes
238 2361 387 2424 nobilitate
399 2362 528 2439 iusaper
549 2360 645 2439 legem
660 2361 919 2424 Mamiliamnovos
942 2359 1109 2422 extollebat

128 2444 171 2505 lta
185 2446 277 2507 llario
293 2453 398 2507 runata
413 2445 584 2523 proaedere

77 2531 117 2592 66
212 2528 333 2590 Interim
354 2527 508 2605 lugumha,
533 2536 688 2609 postquam
709 2530 816 2590 omissa
831 2528 979 2591 deditione
998 2526 1109 2591 bellum

128 2613 241 2690 incipit,
265 2628 333 2672 eum
347 2626 454 2687 magna
476 2628 546 2671 cura
568 2628 674 2691 parare
689 2613 801 2681 omnia,
826 2612 978 2683 festinare,
1002 2628 1110 2692 eogere

128 2697 307 2757 exereitum:
330 2695 475 2766 civitates,
491 2713 567 2774 quae
582 2694 618 2756 ab
633 2713 665 2755 se
681 2695 863 2770 deiecerant,
888 2697 1045 2758 formidine
1060 2700 1143 2758 autu

128 2776 303 2838 ostentando
317 2780 447 2857 praemia
464 2778 626 2849 adfectare,
642 2781 816 2841 conmunire
830 2797 901 2843 suos
914 2779 1111 2850 locos,.arma

127 2860 187 2923 tola
195 2859 310 2938 aliaque
321 2878 396 2937 quae
406 2880 458 2942 spe
467 2863 549 2941 pasis
557 2862 697 2924 amiserat
707 2864 831 2927 refluere
842 2865 1108 2928 autoommereari:

128 2945 244 3006 servitia
258 2943 459 3007 Romanorum
473 2945 609 3016 adlicere,
632 2952 661 3007 et
675 2965 726 3010 eoa
740 2949 829 3028 ipsos,
846 2949 896 3029 qui
910 2947 942 3006 iu
955 2945 1110 3023 praesidiis

128 3037 220 3099 erant,
231 3031 357 3110 pecunia
371 3034 531 3109 temptare:
547 3047 670 3110 prorsus
682 3031 753 3093 nilril
763 3035 904 3094 intactum
916 3046 1013 3108 nequo
1025 3030 1110 3109 quie-

99 3122 189 3175 itum
204 3115 277 3194 pati,
302 3120 408 3176 eunota
430 3114 550 3192 agitare.
593 3114 687 3194 Igitur
715 3120 877 3196 Vagenses,
901 3130 959 3190 quo
974 3112 1145 3182 Metellus!g

128 3199 209 3260 initio
231 3198 372 3275 Iugurtha
399 3197 571 3277 pacificante
592 3200 771 3279 praesidium
791 3201 976 3277 inposuerat,
1000 3197 1112 3276 fatigati

129 3284 210 3360 regis
231 3282 382 3363 subplioiis
404 3300 501 3363 neque
523 3290 608 3347 antea
630 3285 777 3347 voluntate
799 3281 929 3352 alienati,
960 3280 1111 3361 principes

130 3367 252 3428 civitatis
266 3369 344 3431 iuter
357 3385 390 3430 se
404 3369 573 3431 coniurant:
594 3387 662 3431 nam
677 3367 793 3449 volgus,
815 3368 858 3429 uti
872 3365 1048 3446 plerumque
1063 3383 1110 3426 ao·
