2422 3854
128 209 168 274 36
243 230 285 270 ou
308 228 480 272 circumis
504 227 743 272 courvsarrour.
767 227 794 270 c.
816 218 859 273 59·
883 217 927 271 60.-
948 217 992 272 61.

127 376 274 447 militaris,
293 376 371 454 quod
386 375 509 454 amplius
525 392 617 438 annos
631 376 748 452 triginta
762 374 898 435 tribunus
913 382 962 436 aut
976 375 1112 455 praefec-

127 468 173 521 tus
197 468 246 523 aut
267 459 379 536 legatus
400 467 450 520 aut
464 466 582 538 praetor
605 477 673 520 cum
695 475 800 535 magna
821 457 912 534 gloria
928 460 958 518 in
978 462 1112 522 exercitu

127 544 231 614 fuerat,
253 542 409 621 plerosque
431 545 508 620 ipsos
530 543 664 620 factaque
687 560 790 603 eorum
808 541 894 602 fortia
916 549 1052 604 noverat:
1075 552 1113 606 ea¹

128 627 375 688 conmemorando
394 626 517 688 militum
537 628 649 688 animos
671 625 860 687 adcendebat.

77 713 116 774 60
211 711 260 772 Set
276 709 326 771 ubi
342 711 477 771 omnibus
492 711 582 772 rebus
594 710 750 788 exploratis
760 710 894 770 Petreius
908 708 978 770 tuba
993 711 1134 787 signuma

130 794 192 864 dat,
214 794 342 855 cohortis
363 794 502 872 paulatim
519 796 657 856 incedere
678 792 773 863 iubet,
796 793 874 854 idean
894 793 963 853 facit
982 793 1113 854 bostium

102 879 282 939 resarcitus.
321 877 481 956 Postquam
500 898 534 940 eo
553 885 672 939 ventum
695 885 752 946 est,
776 878 854 938 unde
876 875 922 957 [a]
945 876 1112 938 ferentariis

127 961 271 1039 proelium
287 963 418 1022 conmitti
430 970 537 1039 posset,
545 980 682 1023 maxumo
695 961 824 1022 clamore
835 959 1111 1042 [cum]infestissig·

102 1046 172 1107 ttnis
188 1050 379 1105 concurrunt:
393 1043 451 1122 pila
467 1047 612 1113 omittunt,
629 1042 730 1120 gladiis
747 1061 796 1103 res
811 1047 931 1119 geritur.
965 1044 1111 1115 Veterani,

128 1129 268 1206 pristinae
289 1129 402 1188 virtutis
424 1145 586 1197 memores,
609 1128 771 1188 comminm
793 1127 899 1187 acriter
919 1132 1040 1197 instare,
1070 1128 1147 1193 iliu

102 1212 200 1275 theut
216 1211 306 1272 timidi
321 1213 473 1271 resistunt:
492 1229 628 1272 maxuma
646 1212 674 1270 vi
689 1217 827 1271 certatur.
857 1211 972 1271 Interea
990 1210 1113 1274 Catilina

129 1312 197 1355 cum
208 1295 348 1372 expeditis
360 1295 389 1355 in
400 1296 494 1372 prima
506 1297 567 1355 acie
579 1296 697 1363 versari,
711 1293 912 1354 laborantibus
923 1311 1110 1365 succurrere,

129 1379 258 1456 integros
279 1396 334 1456 pro
356 1379 461 1439 sauciis
483 1395 650 1446 accersere,
673 1379 770 1438 omnia
792 1379 963 1455 providere,
987 1378 1111 1440 multum
1148 1372 1152 1381 ’

129 1463 191 1541 ipse
212 1477 360 1541 pugnare,
382 1478 470 1539 saepe
488 1461 603 1522 bostem
622 1462 725 1522 ferire:
748 1463 861 1522 strenui
882 1462 979 1522 militis
997 1470 1025 1522 et
1042 1462 1114 1522 boui

102 1547 319 1624 timporatoris
334 1547 429 1608 officia
443 1545 529 1606 simul
558 1544 766 1624 exequebatur.
808 1545 942 1605 Petreius
963 1545 1014 1605 ubi
1034 1545 1113 1605 videt
1122 1568 1146 1609 as

131 1627 292 1697 Catilinam,
310 1635 412 1688 centra
424 1645 458 1688 ac
472 1635 554 1689 ratus
565 1638 643 1696 erat,
652 1646 757 1705 magna
772 1629 800 1687 vi
814 1628 945 1696 tendere,
959 1629 1114 1689 cohortem

130 1711 308 1788 praetoriam
321 1712 351 1771 in
362 1711 473 1772 medios
483 1712 574 1772 hostis
585 1713 696 1774 inducit
707 1728 815 1789 eosque
826 1711 1013 1788 perturbatos
1025 1718 1115 1789 atque

28 1836 31 1841 -
131 1792 202 1853 allos
217 1793 284 1854 alibi
300 1794 459 1856 resistentis
473 1797 620 1862 interficit,
641 1795 745 1857 deinde
759 1797 908 1873 utrimque
924 1815 959 1856 ex
972 1795 1115 1855 lateribus

105 1887 247 1944 sceteros
264 1878 441 1955 adgreditur.
479 1879 601 1941 Mamius
624 1889 652 1942 et
673 1878 853 1940 Faesulanus
871 1880 901 1938 in
919 1881 1020 1956 primis
1038 1895 1114 1955 pug-

104 1967 233 2024 7nantes
255 1963 371 2023 cadunt.
403 1961 521 2034 Catilina
541 1971 696 2042 postquam
716 1963 794 2022 fusas
816 1964 914 2038 copias
933 1980 1024 2038 seque
1046 1979 1149 2024 cumea

130 2047 231 2122 paucis
254 2045 388 2106 relictum
407 2047 493 2116 videt,
510 2064 622 2108 mernor
642 2046 759 2122 generis
779 2052 866 2124 atque
884 2046 1022 2120 pristinae
1042 2063 1116 2105 suae

132 2130 291 2204 dignitatis,
315 2131 345 2189 in
363 2131 600 2192 confertissumos
613 2130 706 2189 hostis
723 2130 847 2189 incurrit
862 2127 960 2207 ibique
978 2144 1115 2207 pugnans

133 2211 306 2272 confoditur.
1129 2239 1131 2242 ’

83 2301 116 2361 61
215 2296 266 2356 Set
280 2298 413 2359 confecto
424 2296 535 2375 proelio
548 2304 611 2355 tum
625 2313 695 2355 vero
707 2312 854 2364 cerneres,
871 2303 979 2373 quanta
993 2295 1115 2356 audacia

107 2387 299 2459 squamaque
320 2383 408 2443 animi
423 2383 464 2442 vis
477 2380 579 2441 fuisset
592 2382 621 2440 in
638 2380 769 2441 exercitu
783 2378 929 2440 Catilinae.
961 2379 1036 2439 Nam
1051 2380 1114 2441 fere
1123 2403 1149 2443 aa

133 2483 220 2544 quem
242 2466 365 2543 quisque
384 2467 466 2524 rivos
485 2461 644 2541 pugnando
657 2463 755 2523 locum
770 2469 902 2540 ceperat,
925 2480 992 2522 eum
1009 2463 1116 2523 amissa

107 2551 228 2622 3anima
248 2564 374 2625 corpore
387 2546 513 2622 tegebat.
550 2547 640 2608 Pauci
656 2555 768 2615 autem,
793 2562 866 2624 quos
879 2545 992 2605 medios
1008 2545 1115 2606 cohors

133 2633 279 2708 praetoria
299 2631 465 2699 disiecerat,
485 2630 572 2706 paulo
594 2631 736 2690 diversius
755 2631 813 2689 alta
832 2630 905 2690 aliti
924 2636 1048 2703 stantes,
1071 2637 1117 2690 set

108 2729 236 2775 somnes
249 2721 347 2774 tamm
365 2713 494 2773 advorsis
506 2711 673 2772 volneribus
688 2712 883 2773 conciderant.
909 2712 1027 2774 Catilina
1044 2730 1115 2772 vero

134 2797 221 2872 longe
241 2815 258 2856 a
280 2798 340 2856 suis
356 2798 432 2858 inter
448 2796 575 2856 hostium
590 2796 731 2856 cadavera
744 2804 880 2873 repertus
892 2805 943 2865 est,
963 2795 1117 2873 paululum
1125 2816 1158 2858 aa

135 2879 222 2938 etiam
237 2880 350 2955 spirans
365 2879 562 2956 ferociamque
578 2881 679 2949 animi,
702 2898 788 2958 qiam
804 2880 947 2943 habuerat
965 2881 1061 2945 vivos,
1084 2881 1117 2939 in

111 2961 214 3026 svoltu
236 2962 374 3021 retinens.
414 2962 568 3022 Postremo
587 2965 721 3025 exomni
742 2965 825 3043 copia
843 2980 939 3041 neque
953 2963 983 3021 in
1001 2961 1116 3038 proelio

111 3059 232 3123 tneque
247 3045 277 3104 in
292 3043 362 3123 fuga
373 3046 525 3124 quisquam
541 3047 610 3106 civis
620 3048 764 3124 ingenuus
779 3055 880 3126 captus
892 3052 949 3107 est:
962 3046 1002 3104 ita
1017 3049 1117 3108 cuncti

113 3144 209 3192 asuae
225 3128 409 3208 hostiumque
423 3130 497 3191 vitae
513 3133 593 3191 iuxta
607 3140 808 3211 pepercerant.
838 3130 939 3207 Neque
953 3137 1053 3191 tamen
1065 3151 1115 3192 ex·

137 3215 246 3276 orcitus
256 3212 487 3292 popultttomant
497 3214 603 3277 laetam
611 3224 661 3278 aut
671 3218 853 3279 incruentam
864 3216 1014 3275 victoriam
1025 3215 1151 3293 adep-as

137 3305 185 3357 tus
199 3305 276 3360 erat:
292 3316 359 3360 nam
376 3301 604 3362 strenuissumus
621 3305 742 3379 quisque
756 3307 806 3361 aut
820 3299 966 3361 occiderat
983 3302 1013 3360 in
1027 3316 1115 3376 proe-

113 3379 192 3450 alio,
215 3390 265 3443 aut
278 3387 404 3459 graviter
423 3384 590 3445 volneratus
612 3386 792 3446 discesserat.
833 3384 915 3445 Multi
935 3391 1042 3452 antem,
1066 3386 1116 3462 qui

133 3482 153 3522 e
166 3468 271 3525 castris
286 3468 397 3531 visundi
412 3475 463 3530 aut
478 3470 620 3550 spoliandi
631 3470 723 3548 gratia
736 3476 953 3547 processerant,
968 3467 1117 3528 volventes
