2422 3854
149 167 209 230 tot
337 186 377 226 on
399 183 501 225 nunno
524 181 724 225 rvavnromo
749 181 778 224 o.
802 173 861 226 lot.
877 173 938 226 los

146 341 177 395 te
196 333 331 412 experiri,
354 349 443 399 nuno,
464 327 581 409 quando
600 347 655 408 per
676 329 754 390 illam
768 329 845 398 licet,
860 330 964 391 festina
979 338 1066 409 atque
1084 332 1128 393 uti

106 434 140 487 10
150 417 270 495 coepisti
284 432 385 495 perge.
418 412 507 475 hlulta
528 425 614 492 atque
636 420 802 491 opportuna
815 413 917 483 habes,
940 431 999 492 quo
1013 413 1129 476 facilius

103 519 137 572 11
147 507 242 563 errata
263 500 366 560 officiis
386 515 517 576 superes.
557 497 710 557 Postremo
728 497 786 558 hoc
805 499 836 558 in
854 503 957 575 pectus
977 503 1062 558 tuum
1077 499 1129 560 de·

146 586 236 653 mitte,
255 601 415 661 numquam
433 580 573 660 populum
589 580 754 643 Romanum
767 581 908 641 benificiis
922 581 1031 641 victum
1047 599 1128 643 esse:

146 685 213 727 nam
236 665 312 726 hello
335 666 405 743 quid
424 665 518 726 valeat
538 671 600 725 tute
620 663 696 725 scis!
1136 677 1151 718 o

105 765 136 814 12
231 749 274 810 to
297 768 331 810 ea
351 749 486 810 Bocchus
511 747 624 828 placide
648 755 677 808 et
692 748 828 826 henigne,
850 748 937 809 simul
957 765 1051 826 pauca
1072 767 1129 828 pro

146 833 252 895 delicto
267 851 322 895 suo
343 832 433 894 verba
455 833 539 893 iacit:
559 849 671 892 senon
693 831 790 892 hostili
810 835 917 901 animo,
939 839 984 893 set
1002 849 1128 910 regnum

103 933 136 988 13
146 923 289 978 tutantem
310 935 390 977 arma
406 917 532 994 cepisse:
550 933 619 976 nam
635 915 788 976 Numidiae
802 922 926 994 partem,
943 915 1022 976 unde
1039 917 1066 976 vi
1080 915 1127 976 Iu·

145 1000 282 1078 gurtham
297 998 450 1077 expulerit,
473 1001 538 1059 iure
559 997 628 1059 belli
649 1016 732 1058 suam
755 998 876 1059 tactam:
898 1015 962 1059 eam
983 1000 1090 1058 vastari
1110 1019 1126 1060 a

105 1095 137 1146 14
147 1084 238 1144 llario
253 1085 312 1161 pati
326 1083 510 1160 nequivisse:
531 1086 683 1158 praeterea
697 1081 794 1140 missis
808 1088 893 1143 autea
907 1080 1031 1141 Romam
1047 1080 1161 1158 lega-10

146 1169 182 1227 tis
196 1166 347 1245 repulsum
364 1164 401 1225 ab
417 1166 556 1225 amicitia:
580 1170 711 1224 ceterum
725 1170 823 1225 vetera
839 1167 983 1232 omittere,
1004 1183 1039 1224 ac
1053 1171 1127 1234 tum,

104 1252 171 1315 rosi
185 1268 240 1327 per
255 1250 378 1309 hlarium
390 1246 506 1317 liberet,
528 1247 639 1323 legatos
654 1247 689 1307 ad
706 1255 838 1309 senatum
856 1250 1022 1308 missurum.
1052 1247 1125 1308 Dein

147 1334 231 1411 copia
243 1332 320 1392 lacta
334 1333 448 1392 animus
464 1329 583 1391 barbari
600 1330 636 1390 ab
656 1330 756 1390 anneis
768 1331 872 1401 flexus
896 1349 969 1411 quos
984 1331 1124 1408 Iugurtha

147 1417 261 1494 cognita
284 1415 429 1492 legatione
452 1415 548 1475 Sullae
568 1420 596 1474 et
618 1413 713 1480 llanh,
736 1422 870 1476 metuens
888 1416 917 1475 id
940 1415 1019 1494 quod
1039 1432 1125 1493 para·

144 1500 248 1570 batur,
269 1500 353 1560 donis
368 1504 554 1576 conruperat.
1137 1518 1163 1558 rs

98 1584 155 1647 103
230 1583 338 1643 Marius
356 1584 468 1642 interea
484 1584 614 1643 exercitu
633 1583 661 1641 in
679 1581 876 1643 hibernaculis
891 1583 1041 1660 conposito
1056 1600 1127 1644 cum

146 1667 288 1744 expeditis
310 1665 480 1726 cohortibus
499 1673 526 1725 et
540 1673 623 1744 parte
643 1667 787 1745 equitatus
801 1665 995 1744 proficiscitur
1015 1666 1045 1725 iu
1060 1663 1127 1725 loca

145 1749 206 1810 sola
221 1748 375 1809 obsessum
392 1751 497 1808 turrim
508 1751 633 1825 regiam,
650 1767 707 1827 quo
722 1749 862 1826 Iugurtha
877 1747 1015 1826 perfugas
1030 1749 1126 1808 omnis

144 1834 321 1912 praesidium
335 1834 512 1911 inposuerat.

112 1929 129 1979 2
226 1920 301 1979 Tum
324 1937 429 1980 rursus
450 1918 600 1985 Bocchus,
623 1936 675 1978 seu
696 1919 860 1998 reputando
883 1936 957 1997 quae
979 1917 1036 1978 sibi
1058 1919 1166 1977 duo-eo

142 2002 197 2064 hus
219 2002 339 2081 proeliis
361 2011 518 2070 venerant,
542 2019 594 2062 seu
610 2001 776 2062 admonitus
792 2001 829 2062 ab
844 2000 908 2062 aliis
923 2002 1033 2069 amicis,
1057 2018 1132 2078 quos

141 2088 335 2165 inconruptos
357 2085 496 2163 Iugurtha
524 2084 692 2160 reliquerat,
709 2104 744 2145 ex
773 2086 854 2146 omni
881 2085 964 2164 copia
994 2101 1131 2145 necessa·

140 2172 254 2231 riorum
277 2171 407 2248 quinque
429 2167 545 2244 delegit,
569 2185 694 2245 quorum
718 2174 747 2228 et
768 2167 841 2227 fides
856 2170 973 2246 cognita
996 2175 1026 2228 et
1046 2169 1131 2247 inge·

114 2255 189 2320 ania
211 2252 396 2312 validissuma
420 2259 517 2312 erant:
541 2270 592 2312 eos
615 2250 651 2310 ad
672 2251 796 2311 hIarium
819 2269 853 2312 ao
875 2250 996 2323 delude,
1020 2254 1045 2312 ai
1067 2253 1131 2333 pla·

141 2343 220 2405 oeat,
243 2336 366 2396 Romam
382 2336 494 2414 legatos
516 2339 560 2395 ire
577 2334 673 2396 iubet:
697 2335 882 2411 agundarum
895 2355 996 2398 rerum
1013 2342 1042 2397 et
1056 2354 1165 2416 quo-rs

140 2436 267 2498 cumque
290 2419 378 2480 modo
401 2418 469 2480 belli
485 2418 672 2498 conponendi
692 2419 842 2480 hcentiam
868 2417 953 2500 [illis]
976 2422 1130 2500 permittIt.

113 2504 186 2570 alth
208 2510 324 2565 mature
346 2504 382 2564 ad
405 2504 530 2564 hiberna
544 2504 745 2565 Romanorum
759 2504 999 2584 proficiscuntur,
1024 2504 1131 2564 deinde

138 2589 170 2650 In
191 2589 299 2649 Itinere
321 2606 338 2648 a
353 2587 481 2648 Gaetulis
497 2587 659 2651 latronibus
674 2589 867 2650 circumventi
887 2587 1064 2666 spoliatique
1077 2605 1130 2666 pa·

139 2671 197 2732 vidi
212 2673 276 2731 sine
292 2672 399 2732 decore
415 2671 450 2732 ad
467 2672 577 2733 Sullam
592 2673 773 2750 perluquut,
797 2688 885 2748 quem
901 2671 1003 2732 consul
1026 2674 1057 2731 in
1080 2689 1131 2732 ex·

113 2754 321 2835 speditioncm
342 2756 533 2834 proficiscens
555 2774 610 2836 pro
625 2762 764 2835 praetore
784 2752 955 2835 reliquerat.
1000 2756 1060 2818 Eos
1080 2754 1166 2816 illeso

138 2857 200 2900 non
220 2857 277 2918 pro
298 2841 378 2899 vanis
400 2839 545 2910 hostibus,
568 2842 612 2901 uti
634 2839 731 2900 meriti
751 2846 844 2909 erant
868 2848 914 2901 set
936 2839 1074 2902 adcurate
1096 2856 1132 2899 ac

137 2920 298 2984 liberaliter
320 2922 436 2984 habuit:
460 2942 517 3004 qua
539 2942 573 2984 re
594 2921 714 2984 barbari
735 2929 765 2983 et
785 2923 896 2985 somam
918 2924 1054 2986 avaritiae
1069 2920 1129 2980 Ro·

137 3023 295 3068 manorum
305 3005 410 3069 falsam
425 3014 455 3068 et
465 3006 578 3070 Sullam
588 3005 627 3068 ob
638 3007 870 3069 munificentIam
880 3009 912 3069 in
923 3024 990 3068 seso
1001 3005 1128 3066 amicum

112 3093 203 3152 orati.
248 3090 323 3153 Nam
345 3093 495 3153 etiamtum
517 3091 632 3169 largitio
654 3089 753 3154 multls
774 3093 909 3170 ignorata
931 3096 1007 3151 erat:
1030 3090 1128 3149 muni-

137 3175 211 3236 licns
226 3192 314 3236 nemo
325 3174 492 3254 putabatur,
508 3176 566 3234 nisi
577 3176 688 3253 pariter
697 3175 808 3244 volens,
824 3176 901 3236 dona
916 3173 1013 3234 omnia
1028 3175 1060 3232 iu
1074 3172 1128 3233 be·
1138 3193 1163 3236 ao

112 3258 280 3335 lutgnitate
295 3258 491 3320 habebantur.
528 3259 620 3335 Igitur
636 3262 784 3336 quaestori
799 3259 936 3321 mandata
950 3257 1061 3317 Bocchi
1077 3273 1128 3334 pa·

138 3342 293 3404 tolacIunt:
316 3341 402 3403 simul
424 3342 462 3403 ab
484 3361 519 3402 eo
534 3348 653 3420 petunt,
677 3347 721 3405 uti
736 3345 835 3406 fautor
847 3340 1057 3422 consultorque
1072 3339 1129 3400 sihi

138 3423 229 3486 addar
252 3428 353 3503 copias
374 3425 463 3487 tidem
484 3427 716 3506 magnitudinem
738 3428 817 3504 regis
838 3425 884 3486 sut
906 3431 935 3486 et
958 3424 1027 3497 alia,
1054 3441 1129 3503 quae

78 3554 144 3632 ἱ
