2422 3854
102 209 121 266 4
276 225 319 265 oe
338 221 512 265 carmiuare
533 217 776 262 concensemus
797 217 825 261 o.
841 209 868 264 6.
888 207 915 264 7.
1024 214 1025 218 ’

78 370 140 434 elli
155 378 310 449 postquam
322 371 353 431 in
369 387 427 430 una
443 368 558 429 moenia
573 383 747 436 convenere,
765 365 875 445 dispari
890 381 1012 442 genero,
1029 370 1102 432 dis·

103 453 190 515 simili
202 453 312 530 lingua,
334 452 383 513 alii
402 451 458 513 alio
475 468 559 512 more
573 451 710 520 viventes,
733 447 904 510 incredibile
919 458 1096 515 memoratu
1124 482 1127 487 ·

78 544 147 602 aest
169 555 257 616 quam
271 535 356 598 facile
377 535 548 596 coaluerint
583 534 634 595 Set
646 540 802 614 postquam
816 549 865 594 res
880 550 995 603 eorum,
1018 534 1096 596 ciri·

102 620 161 681 bus
170 619 303 682 moribus
314 621 393 698 agris
403 625 497 688 auom,
510 620 579 680 satis
589 634 733 696 prospera
744 617 872 694 satisque
882 614 998 694 pollens
1008 616 1096 681 ride·

102 703 202 774 batur,
222 705 307 765 sicuti
321 702 462 785 pleraque
480 701 647 763 mortalium
661 701 818 769 habentur,
839 699 945 760 invidio
960 717 998 760 ex
1014 717 1119 779 opu-e

77 786 193 847 aientia
208 794 272 849 orta
293 793 344 850 est
375 787 468 866 Igitur
481 802 568 865 reges
582 783 744 865 populique
760 784 884 844 finitumi
900 781 982 856 bello
994 789 1096 863 temp-

103 875 177 940 tare,
194 873 282 949 pauci
295 890 331 933 ex
342 872 442 932 amicis
454 869 561 931 auxilio
573 886 654 930 esse:
675 885 744 928 nam
760 868 851 928 ceteri
863 872 943 928 metu
958 867 1097 944 perculsi

78 953 273 1033 oaperioulis
286 954 419 1015 aberant.
435 954 472 1014 m
481 953 605 1013 Romani
617 950 696 1011 domi
708 949 885 1028 militiaeque
895 951 998 1010 intenti
1009 949 1096 1012 iesti-

104 1055 187 1107 nare,
198 1054 315 1115 parare,
333 1036 407 1097 alius
417 1034 507 1096 alium
517 1035 639 1103 hortari,
657 1033 791 1094 hostibus
801 1032 917 1094 obviam
928 1035 981 1103 ire,
997 1032 1096 1096 liber-

105 1127 196 1182 tatem
206 1120 331 1198 patriam
346 1119 535 1199 parentisque
549 1118 639 1180 arnus
652 1123 763 1193 tegere.
796 1117 875 1187 Post,
892 1115 942 1177 ubi
956 1117 1133 1194 periculam

105 1203 214 1264 virtute
235 1201 444 1280 propulerant,
466 1203 553 1262 sociis
568 1209 656 1278 atque
678 1201 779 1261 amicis
794 1199 899 1261 auxilia
920 1199 1096 1277 portabant,

107 1286 259 1364 magisque
278 1285 380 1347 dandis
402 1302 490 1363 quam
511 1283 689 1362 accipiundis
708 1282 851 1344 benificiis
873 1284 1013 1344 amicitias
1039 1302 1096 1363 pa·

106 1368 221 1430 rabant

80 1459 98 1511 d
120 1529 123 1533 Ι
181 1453 341 1532 Imperium
358 1452 540 1531 legitumum,
557 1468 666 1513 nomen
678 1452 786 1532 imperi
794 1451 909 1526 regium
928 1447 1094 1511 habebant.

104 1537 226 1607 Deleeti,
243 1535 350 1615 quibus
366 1553 476 1614 corpus
493 1536 578 1595 annis
592 1535 756 1603 infirmum,
778 1535 929 1610 ingenium
947 1535 1131 1613 sapientiam

106 1618 232 1679 validum
255 1624 332 1687 erat,
355 1619 400 1678 rei
420 1616 556 1695 publicae
577 1616 798 1678 consultabant:
820 1618 846 1677 ei
864 1615 910 1678 rel
932 1622 1026 1678 aetate
1045 1616 1102 1680 vel-

83 1708 199 1762 tcurae
213 1699 399 1761 similitudine
412 1706 511 1778 patres
532 1700 569 1761 ad
591 1700 764 1762 ellabantur.
807 1700 886 1768 Post,
907 1699 960 1761 ubi
973 1700 1098 1776 regium

104 1783 352 1865 imperiumquod
361 1784 442 1844 initio
454 1784 672 1845 conservandae
682 1783 825 1844 libertatis
837 1790 925 1863 atque
936 1782 1097 1860 augendae

106 1866 300 1945 reipublicae
315 1865 425 1937 luerat,
442 1869 473 1928 in
487 1867 656 1945 snperbiam
672 1867 959 1946 dominationemque
971 1883 1003 1927 se
1019 1884 1096 1928 con-

108 1952 205 2020 vortit,
226 1952 368 2012 inmutato
391 1968 474 2011 more
494 1968 592 2012 annua
606 1951 732 2028 imperia
742 1949 887 2028 binosque
900 1951 1132 2029 imperatores„

107 2033 163 2094 sibi
177 2034 291 2095 iecere:
316 2052 351 2093 eo
366 2034 454 2093 modo
470 2036 600 2094 minume
615 2050 703 2111 posse
720 2033 863 2110 putabant
876 2051 930 2112 por
944 2032 1098 2096 licentiam

77 2114 285 2178 'linsolescere
301 2117 430 2175 animum
451 2115 622 2176 humanum.
657 2115 708 2176 Set
726 2134 759 2176 ea
776 2122 948 2193 tempestate
965 2135 1098 2197 coepere

107 2217 139 2259 se
163 2199 286 2277 quisque
302 2199 394 2274 magis
410 2197 549 2259 extollere
563 2200 716 2276 magisque
732 2200 882 2276 ingenium
904 2202 934 2260 in
951 2207 1096 2280 promptu

85 2281 230 2343 ahebere.
269 2281 343 2342 Nam
363 2280 483 2358 regibus
503 2280 575 2341 boni
597 2300 684 2360 quam
706 2281 775 2342 mali
795 2284 992 2362 suspectiores
1010 2291 1090 2356 suut,

82 2376 283 2445 asemperque
298 2367 340 2427 eis
351 2364 444 2426 aliena
459 2366 550 2425 virtus
596 2365 756 2427 rmidulosa
772 2373 825 2428 ost.
857 2367 908 2428 Set
924 2368 1023 2428 civitas
1040 2368 1125 2432 in-as

109 2448 248 2512 credibile
264 2456 429 2511 memoratu
448 2456 491 2511 est
505 2449 610 2526 arlepta
620 2448 755 2510 libertate
769 2458 911 2529 quantum
930 2449 1013 2511 brevi
1027 2469 1095 2513 cre·

83 2535 198 2597 averit:
210 2540 289 2593 tanta
301 2532 408 2610 cupido
419 2533 530 2608 gloriae
543 2530 719 2592 incesserat(
732 2533 794 2592 lam
807 2535 936 2609 primum
946 2537 1094 2606 inventus,

108 2617 194 2679 simul
211 2615 325 2678 achelli
341 2616 455 2694 patiens
469 2623 545 2683 erat,
564 2617 593 2676 in
610 2616 713 2674 castris
729 2632 783 2692 per
798 2614 932 2678 laborem
947 2635 1003 2679 usu
1016 2617 1094 2679 mili·

109 2701 181 2759 tiam
191 2699 330 2768 discebat,
345 2699 496 2776 magisque
507 2698 537 2756 in
550 2697 665 2757 decoris
678 2696 768 2759 armis
779 2704 808 2758 et
818 2699 992 2763 militaribus
1009 2703 1094 2780 equis

85 2791 201 2861 equam
216 2782 246 2841 in
263 2782 367 2841 scortis
382 2788 469 2859 atque
488 2781 625 2840 conviviis
642 2779 803 2842 lubidinem
814 2782 971 2846 habebant.
1000 2786 1095 2862 lgitur
1105 2811 1134 2856 en

109 2863 216 2925 talibus
235 2865 305 2924 viris
326 2880 385 2923 non
403 2863 487 2924 labor
502 2862 647 2933 insolitus,
670 2881 731 2923 non
753 2863 836 2926 locus
850 2867 928 2931 ullus
942 2887 1029 2949 asper
1044 2877 1097 2930 aut

112 2947 222 3010 arduus
238 2954 313 3018 erat,
333 2963 394 3006 non
406 2953 535 3008 armatus
546 2947 638 3006 hostis
650 2947 874 3013 formidolosus:
890 2954 982 3014 virtus
997 2955 1096 3014 omnia

85 3033 273 3093 edomuerat.
297 3030 348 3090 Set
358 3029 468 3107 gloriae
485 3048 654 3094 maxumum
668 3040 816 3098 certamen
831 3037 908 3097 inter
923 3037 1003 3113 ipsos
1015 3044 1094 3097 erat:

110 3135 143 3178 se
159 3116 282 3195 quisque
297 3113 413 3174 hostem
428 3115 526 3184 ferire,
542 3134 661 3177 murum
673 3118 862 3189 adscendere,
879 3119 1095 3195 conspici‚dum

110 3199 167 3262 tale
182 3199 295 3260 lacinus
309 3197 429 3268 faceret,
445 3199 636 3276 properabat:
654 3200 1132 3272 easdivitias,eambona1nfa·cs

110 3301 190 3344 mam
213 3299 409 3361 magnamque
431 3282 610 3345 nobilitatem
632 3286 784 3366 putabant.
800 3285 906 3369 Laudis
929 3284 1019 3355 avidi,
1042 3303 1094 3364 pe·

113 3367 217 3426 cuniae
230 3366 366 3429 liberales
381 3373 481 3429 erant:
504 3369 626 3445 gloriam
643 3373 806 3449 ingentem,
831 3370 941 3433 divitias
955 3368 1094 3433 honestas

90 3448 262 3510 avolabant.
297 3452 461 3515 Memorare
476 3468 592 3532 possem
608 3455 714 3536 quibus
728 3457 758 3519 in
774 3455 847 3519 locis
868 3472 1019 3519 maxumas
1040 3455 1094 3518 ho·
