2422 3854
367 246 409 287 ux
429 246 594 289 merorum
616 244 814 290 uxcuuernu.
1020 229 1078 290 117

105 393 274 461 interesset,
294 393 391 455 multis
408 394 479 454 mihi
495 393 699 455 disserundum
720 394 790 462 luit,
813 393 994 472 docendique
1007 412 1080 472 quus

107 474 144 536 ob
166 475 285 535 iniurias
298 483 327 538 et
345 479 507 556 quotiensa
522 474 653 555 patribus
667 484 777 537 armata
796 476 897 556 plebes
914 480 1080 540 secessisset
1140 481 1143 487 ’

106 559 206 636 utique
227 558 355 620 vindices
374 561 532 639 paravisset
546 560 639 618 omnis
661 561 733 621 iuris
754 561 800 621 sui
816 560 949 622 tribunos
968 559 1080 639 plebei:

106 658 186 702 nunc
211 640 324 703 hortari
347 637 434 704 modo
462 642 584 703 relicum
610 650 654 702 cst
680 649 708 704 et
733 644 776 704 ire
800 646 927 722 primum
947 645 1000 714 via,
1024 656 1114 724 quat

84 725 317 802 scapessundam
329 726 455 788 arbitror
468 723 641 786 libertatem.
657 724 758 805 Neque
769 744 816 788 me
827 729 974 805 praeterit,
988 746 1079 806 quau·
1097 733 1113 785 s

107 796 150 866 fis
177 825 247 886 opes
275 809 432 870 nobilitatis
455 807 534 869 solus
552 810 694 885 inpotens,
712 809 790 868 inani
809 812 906 888 specie
928 813 1079 888 magistra-

107 897 161 960 tus,
184 891 294 970 pellere
317 893 512 953 dominatione
531 892 675 969 incipiam,
699 897 867 971 quantoque
887 893 977 954 tutius
992 892 1080 954 factio

106 975 259 1036 noxiorum
281 982 347 1054 ngat
366 993 454 1055 quam
472 974 525 1035 soli
545 975 723 1036 innocentes.

192 1057 242 1120 Set
262 1066 380 1137 praeter
398 1076 481 1138 spem
501 1057 608 1119 bonam
624 1075 660 1118 ex
677 1057 767 1127 vobis,
789 1076 863 1138 quae
876 1067 984 1120 metum
1004 1058 1080 1128 vicit,
1098 1073 1115 1122 s

74 1142 193 1201 rostatui
214 1142 380 1204 certaminis
400 1142 522 1204 advorsa
543 1159 598 1220 pro
617 1140 752 1203 libertate
772 1143 886 1221 potiora
919 1159 982 1204 esse
1012 1141 1081 1203 lorti

107 1226 169 1285 viro
195 1243 282 1304 quam
304 1227 421 1286 omnmo
442 1243 502 1285 non
524 1227 687 1286 certavisse.
708 1225 890 1304 Quamquam
912 1242 1012 1285 omnes
1033 1224 1114 1291 alito

107 1310 198 1369 creati
221 1324 275 1387 pro
300 1309 364 1369 iure
385 1314 483 1368 vostro
504 1310 561 1368 rim
582 1314 716 1368 cunctam
739 1315 768 1368 et
778 1310 904 1387 imperia
920 1327 973 1369 sua
989 1311 1081 1385 gratia

109 1401 158 1453 aut
179 1408 231 1471 spe
256 1396 306 1452 aut
326 1391 463 1471 praemiis
485 1390 592 1428 ”W
611 1391 641 1450 in
662 1408 713 1450 vos
729 1398 901 1452 convortere
919 1390 1082 1469 meliusque

108 1475 219 1538 habent
236 1475 373 1537 mercede
387 1473 556 1553 delinquere
578 1490 665 1553 quam
686 1475 775 1552 gratis
792 1481 873 1536 recte
897 1474 1003 1535 facere.
1025 1474 1116 1535 lta-t

75 1575 101 1616 1⁶
111 1579 168 1640 que
190 1576 292 1620 omnes
313 1576 485 1621 concessere
495 1558 594 1620 iamin
607 1575 769 1637 paucorum
780 1558 1015 1628 dominationem,
1033 1559 1083 1636 qui

110 1661 164 1722 per
185 1642 308 1704 militare
327 1661 434 1706 nomen
457 1643 603 1704 aerarium
625 1644 784 1712 exercitus,
805 1658 897 1720 regna
919 1643 1083 1721 provincias

112 1744 293 1805 occupavere
314 1733 343 1788 et
364 1744 462 1787 arcem
485 1725 595 1787 habent
620 1744 655 1786 ex
679 1725 779 1804 spoliis
801 1727 921 1786 vostris:
950 1742 1018 1786 oum
1039 1727 1082 1784 in·

111 1811 196 1870 terim
208 1826 292 1869 more
302 1826 443 1887 pecorum
458 1827 509 1869 vos
521 1807 673 1870 multitudo
687 1807 807 1885 singidis
820 1807 971 1869 habendos
983 1806 1082 1867 fruen-

112 1893 222 1971 dosque
243 1891 398 1972 praebetis,
428 1893 505 1954 exuti
527 1891 662 1953 omnibus
683 1909 758 1969 quae
776 1892 902 1952 maiores
920 1889 1082 1968 reliquere:

77 1977 166 2038 renisi
186 1977 252 2055 quia
274 1975 415 2038 vobismet
439 1977 494 2054 ipsi
522 1993 577 2054 per
599 1975 750 2051 suffragia,
782 1982 815 2034 ut
835 1973 984 2052 praesides
1005 1971 1081 2042 olim,
1168 2015 1169 2018 ,

111 2077 191 2121 nunc
209 2060 342 2120 dominos
364 2061 519 2122 destinatis.
555 2059 655 2137 ltaque
680 2075 852 2120 concessere
876 2056 945 2118 illuc
966 2073 1082 2118 onmes:
1100 2075 1117 2123 '1

112 2151 142 2202 at
163 2160 240 2211 mox,
262 2145 288 2203 si
308 2150 405 2204 vostra
428 2144 607 2221 receperitis,
627 2141 729 2202 advos
745 2141 886 2221 plerique.
909 2140 994 2210 Raris
1007 2143 1084 2202 enim

112 2228 224 2285 animus
238 2232 281 2286 est
289 2225 326 2286 ad
338 2243 380 2295 ea,
395 2244 470 2303 quae
481 2227 584 2294 iacent,
598 2225 797 2286 defendunda:
811 2227 900 2285 ceteri
913 2224 1085 2285 validiorum

113 2316 189 2368 sunt.
223 2307 266 2367 An
289 2307 411 2369 dubium
437 2307 564 2377 habetis,
587 2324 658 2369 num
683 2306 810 2367 obiicere
828 2307 898 2384 quid
922 2306 1005 2366 vobis
1024 2315 1119 2367 unos

78 2407 103 2446 ss
114 2393 209 2451 animo
227 2391 415 2471 pergentibus
435 2391 535 2469 possit,
551 2407 624 2469 quos
640 2388 791 2465 languidos
808 2389 997 2467 socordisque
1017 2406 1085 2466 per·

113 2475 254 2536 timuere?
295 2474 354 2536 Nisi
377 2474 452 2535 forte
474 2476 508 2536 G.
530 2473 626 2542 Cotta,
655 2491 690 2532 ex
712 2472 837 2533 factione
858 2472 954 2533 media
975 2472 1084 2538 consul,

114 2557 196 2620 aliter
223 2575 310 2637 quam
331 2565 411 2620 metu
432 2560 496 2619 iura
517 2556 659 2635 quaedam
681 2553 805 2616 tribunis
829 2554 925 2633 plebei
951 2555 1085 2616 restitnit.

114 2642 229 2703 Scilicet
250 2660 426 2721 quamquam
445 2641 477 2701 L.
500 2640 624 2701 Sicinius
645 2640 757 2717 primus
777 2639 814 2699 de
832 2645 975 2717 potestate
992 2637 1085 2698 trihu·

113 2726 188 2784 nicia
214 2725 294 2802 loqui
313 2743 401 2786 ausus
418 2724 615 2786 mussantibus
627 2721 709 2783 vobis
721 2724 935 2783 circumventus
951 2729 1021 2791 erat,
1043 2728 1085 2782 ta·

78 2823 103 2864 so
113 2825 181 2868 men
202 2808 283 2886 prius
296 2807 336 2868 illi
350 2809 484 2869 invidiam
502 2815 634 2868 metuere
655 2823 743 2885 quam
762 2824 813 2865 vos
834 2807 957 2866 iniuriae
972 2813 1086 2884 pertae-

114 2909 179 2952 sum
201 2898 254 2953 est.
289 2889 373 2961 Quod
398 2909 452 2970 ego
474 2908 588 2970 nequeo
610 2891 679 2951 satis
704 2890 818 2959 mirari,
848 2887 989 2958 Quirites:
1018 2906 1087 2949 nam

114 2992 196 3052 spem
217 2974 325 3034 frustra
347 2975 436 3036 luisse
462 2973 650 3035 intellexistis.
693 2971 772 3033 Sulla
792 2981 925 3042 mortuo,
951 2975 1001 3050 qui
1022 2984 1119 3036 sce-tt

113 3056 218 3118 lestum
241 3058 410 3135 inposuerat
430 3058 587 3127 servitium,
609 3057 697 3117 linem
714 3055 782 3117 mali
803 3056 979 3117 credebatis:
1005 3062 1087 3114 ortus

115 3148 158 3201 est
176 3139 264 3218 longe
284 3142 397 3202 saevior
420 3140 546 3203 Catulus.
586 3139 739 3202 Tumultus
761 3141 924 3200 intercessit
945 3137 1036 3199 Bruto
1059 3145 1087 3198 et
1105 3142 1137 3201 10

80 3237 104 3279 ss
114 3223 261 3284 Mamerco
283 3223 464 3285 consulibus:
490 3225 556 3284 dein
579 3225 613 3286 G.
633 3223 719 3284 Curio
737 3223 773 3283 ad
793 3223 913 3283 exitium
933 3239 1024 3301 nsque
1043 3223 1087 3281 in·

113 3308 204 3366 sontis
215 3307 325 3369 tribum
339 3309 504 3369 dominatus
520 3314 573 3368 est.
595 3305 732 3368 Lucullus
744 3307 897 3385 superiore
908 3322 985 3366 anno
997 3322 1087 3383 quan·
1107 3317 1136 3368 11

112 3489 192 3533 nunc
213 3473 283 3532 mihi
304 3475 408 3537 turbae
434 3474 631 3535 concitantur!
669 3472 750 3542 Quae
771 3472 902 3551 profecto
923 3475 953 3534 in
974 3488 1088 3533 cassum
