2422 3854
216 223 260 265 99
283 221 458 264 9999999999
480 219 722 264 999999999999
745 219 774 262 9
796 211 837 266 99.
857 210 901 266 ³0.
921 212 963 266 31
1041 201 1079 262 15

100 380 161 440 999,
178 369 257 449 qnod
271 387 369 448 neque
390 368 495 430 urbem
516 367 553 429 ab
575 367 686 428 insidiis
700 369 812 447 private
828 367 949 457 99991119
964 366 1079 446 longius

99 453 176 515 tueri
198 458 322 530 peterat,
339 468 436 531 nepae
456 453 601 513 exereitus
614 450 702 511 Manli
722 458 848 530 9999999
863 438 917 512 ’999
935 468 994 530 que
1010 458 1083 512 999·

99 536 163 598 silio
181 537 340 597 1999199919
355 542 529 612 conpertam
542 533 678 605 habebat,
701 550 766 596 rem
781 535 818 596 ad
832 541 965 596 9999999
978 534 1078 606 refert,

99 621 260 697 1991199999
282 617 360 695 99191
373 618 545 680 rumoribus
558 619 743 699 exagitatam.
779 618 895 697 ltaque,
919 618 998 698 qued
1016 618 1078 696 ple·
1088 631 1105 680 2

77 718 225 782 eruntque
249 703 283 762 19
303 704 395 763 atroci
418 703 535 779 negotio
558 700 648 771 sciet,
670 708 789 762 senams
815 701 959 772 demerit,
975 702 1080 764 darent

100 798 219 864 operam
240 785 376 847 99999199
411 802 450 846 99
472 785 608 865 9911999
628 784 747 862 publica
764 785 929 846 detrimenti
951 792 1078 863 caperet

98 869 140 930 Ea
161 875 291 947 potestas
316 883 371 946 per
394 875 528 929 senatum
551 885 635 929 mere
660 867 792 929 Romano
814 869 997 946 magistratui
1016 879 1105 932 999-9

97 966 187 1014 ruma
206 953 399 1031 permitam,
423 953 583 1013 exercitum
597 968 719 1029 parare,
741 949 852 1013 bellum
867 969 980 1029 gerere,
996 969 1078 1013 9999-

98 1050 166 1098 cere
188 1034 325 1097 amnibus
343 1032 440 1102 modis
462 1034 557 1096 tocies
579 1042 666 1115 atque
688 1036 771 1105 ciris,
802 1035 882 1096 domi
902 1035 1079 1113 militiaeque

64 1121 255 1262 9199999199
265 1126 353 1198 atque
373 1118 515 1181 indidem
531 1136 680 1180 9999999
698 1118 825 1180 babere:
846 1117 928 1180 aliter
946 1120 1009 1180 sine
1023 1135 1077 1198 pc-

97 1204 158 1280 pui
177 1203 258 1265 iussu
273 1202 384 1263 nullius
405 1219 507 1264 earum
521 1218 623 1264 rerum
645 1201 758 1264 9999911
777 1203 823 1263 199
837 1209 890 1263 999
922 1203 992 1263 Post
1004 1220 1077 1281 pau·
1088 1205 1128 1267 30

98 1301 148 1345 ecs
164 1285 226 1346 dies
241 1284 273 1346 L.
290 1285 412 1345 Saenius
427 1292 546 1346 senator
560 1287 591 1347 iu
607 1292 710 1347 999999
725 1285 836 1347 litteras
849 1287 989 1357 recitavit,
1006 1302 1079 1365 quas

96 1367 227 1428 Faesulis
247 1366 357 1427 adlatas
379 1367 434 1428 sibi
452 1367 581 1438 dicebat,
605 1370 635 1428 19
658 1368 765 1446 quibus
786 1370 925 1447 99919199]
944 1377 1021 1440 9999,
1043 1369 1077 1429 G.

96 1449 237 1511 Manlium
259 1463 341 1510 arma
364 1451 476 1528 cepisse
498 1467 565 1512 cum
584 1466 690 1526 magna
706 1449 891 1511 multitudiue
913 1458 980 1512 ante
1001 1415 1078 1512 aliem

62 1532 143 1596 cvl.
166 1532 312 1595 Kalendas
333 1532 515 1594 Novembris.
554 1532 659 1604 Simul,
681 1533 711 1594 id
733 1534 833 1612 quod
825 1551 855 1594 ur
872 1533 923 1594 tali
946 1551 979 1595 re
993 1532 1104 1611 991992

96 1617 144 1678 9111
157 1623 294 1696 pertenta
308 1623 397 1696 atque
413 1616 546 1696 prodigia
561 1615 815 1686 nuntiabantur
831 1623 991 1679 conventus
1004 1617 1076 1689 11991,

98 1717 177 1761 arma
190 1702 311 1779 portari,
329 1699 446 1778 Capuae
460 1700 590 1780 atquem
601 1699 704 1778 Apulia
718 1700 823 1761 servile
834 1699 945 1761 bellum
956 1702 1077 1762 moveri

97 1783 190 1860 lgitur
205 1785 299 1844 senati
314 1783 433 1845 decreto
450 1784 484 1854 Q.
501 1783 627 1844 Marcius
641 1782 705 1844 Rex
718 1782 870 1854 Faesulas,
894 1785 928 1855 Q.
945 1783 1102 1846 Metellus3

98 1865 232 1927 Graiium
250 1867 280 1926 in
299 1865 433 1944 apuliam
456 1868 626 1944 circumque
641 1883 675 1927 99
690 1865 755 1927 1999
768 1868 849 1928 missi
866 1901 900 1912 -
917 1868 944 1928 ei
962 1867 1079 1946 utrique

61 1971 87 2012 rc
97 1949 135 2010 ad
153 1948 259 2011 urbem
275 1952 470 2030 imperatores
484 1955 581 2019 erant,
603 1949 723 2027 inpediti
742 1967 781 2010 ae
796 1949 1014 2026 triumpharent
1028 1959 1105 2011 ca-4

96 2031 206 2094 lumnia
226 2048 404 2112 paucorum,
427 2033 534 2113 quibus
555 2034 652 2094 omnia
672 2033 794 2094 honesta
815 2039 903 2110 atque
923 2032 1077 2094 inhonesta

96 2117 303 2178 venderemus
318 2124 382 2178 erat
398 2149 451 2188 -,
470 2123 515 2178 set
527 2124 679 2196 praetores
694 2116 728 2186 Q,
744 2115 901 2197 Pompeius
915 2115 1008 2178 liuius
1025 2116 1105 2179 (la-6

96 2215 199 2278 puam,
221 2197 408 2271 ullatenus
428 2199 513 2262 Celer
534 2202 564 2262 19
586 2217 689 2278 agrum
710 2201 866 2270 Picenum,
890 2200 990 2280 eisque
1010 2218 1078 2278 per·

96 2284 234 2353 missum,
255 2286 298 2345 uti
319 2300 374 2360 pro
395 2293 528 2361 tempere
544 2290 630 2362 atque
644 2282 776 2361 periculo
795 2284 956 2344 exercitum
971 2301 1078 2362 conpa-

60 2372 207 2429 ararent.
240 2364 284 2426 dd
303 2365 376 2435 hec,
395 2367 501 2444 919919
516 2367 700 2427 indicavisset
714 2366 751 2426 de
769 2366 986 2433 coniuratione,
1004 2376 1104 2443 quaet

96 2455 200 2511 contra
213 2464 279 2509 rem
292 2446 440 2526 publicam
454 2448 529 2510 iacta
546 2454 622 2517 erat,
636 2449 799 2526 praemium
813 2462 898 2507 servo
912 2446 1077 2510 libertatem

96 2539 126 2595 et
146 2534 280 2594 sestertia
295 2538 427 2602 centum,
449 2531 542 2593 bbere
557 2532 748 2610 inpunitatem
764 2532 827 2596 eius
841 2531 884 2591 rei
902 2536 931 2591 99
945 2533 1078 2592 sestertia

97 2617 235 2686 ducenta,
258 2617 387 2694 itemque
409 2615 581 2684 decrevere,
604 2616 647 2676 uti
669 2613 856 2692 gladiatoriae
878 2613 1003 2674 familiae
1024 2613 1104 2679 Car

95 2717 186 2778 pnam
203 2706 233 2760 et
251 2701 282 2759 in
300 2705 398 2760 cetera
419 2700 576 2776 municipia
595 2698 840 2760 distribuerentur
859 2714 914 2774 pro
937 2698 1077 2777 cuiusque

60 2805 87 2849 m
98 2781 212 2860 opibus,
228 2780 339 2842 Rornae
355 2799 410 2859 per
423 2788 513 2843 totam
528 2781 634 2843 urbem
650 2781 762 2858 vigiliae
780 2779 960 2842 haberentur
977 2783 1077 2860 eisque

96 2867 226 2927 minores
247 2865 431 2940 magistratus
445 2872 623 2944 praeessent.
657 2862 769 2934 Quibus
783 2862 873 2924 rebus
887 2871 1019 2942 permota
1038 2866 1077 2928 ci·
1088 2865 1122 2927 31

97 2951 168 3010 91999
190 2955 277 3027 atque
298 2949 438 3009 inmutata
448 2947 539 3009 -urbis
560 2948 650 3010 iacias
672 2953 743 3009 erat.
766 2945 813 3008 lla
834 2965 949 3008 999999
970 2947 1077 3011 laetitia

96 3039 184 3112 atque
197 3032 327 3101 lascivia,
352 3048 426 3109 quae
445 3031 581 3093 diuturna
599 3032 681 3110 quies
694 3038 859 3111 pepererat,
877 3039 999 3111 repente
1015 3051 1077 3093 cm·

96 3117 142 3177 uls
162 3116 277 3178 tristitia
294 3116 412 3176 invasit:
435 3115 572 3177 festinare
592 3115 754 3194 trepidare,
773 3133 870 3195 neque
891 3115 957 3176 loco
980 3133 1078 3193 neque

61 3222 87 3265 aa
97 3200 208 3263 homini
224 3200 360 3278 cuiquam
379 3200 448 3260 satis
469 3200 605 3269 credere,
628 3217 723 3279 neque
736 3198 846 3262 bellum
861 3215 967 3276 gerere
980 3213 1104 3278 nequer

96 3282 336 3364 pacemhabere,
354 3300 408 3345 suo
428 3284 551 3363 quisque
566 3288 646 3345 metu
666 3283 796 3363 pericula
816 3283 922 3344 metiri.
955 3282 1000 3343 td
1020 3282 1104 3346 19999

97 3369 250 3440 99119999,
273 3366 380 3447 quibus
401 3369 446 3428 rei
464 3367 598 3447 publicae
616 3368 814 3446 magnitudine
832 3364 902 3427 belli
922 3365 1010 3427 timor
1031 3366 1076 3429 in·

96 3452 198 3516 solitus
213 3455 387 3525 incesserat,
407 3451 556 3516 adflictare
571 3470 654 3526 sese,
673 3469 783 3516 manus
797 3448 947 3528 eubulidis
958 3449 1007 3508 ab
1022 3463 1093 3504 eae.-
