2422 3854
376 226 416 267 rx
436 223 600 267 merosus
624 224 818 282 nxounrrnn.
1030 207 1088 269 113

115 377 219 455 cuique
241 371 324 434 reddi
346 382 375 434 et
398 370 490 434 aliena
506 379 593 443 tenet,
616 371 685 434 belli
705 373 770 432 iura
790 373 918 435 rescindi
940 375 1088 451 cumipse

114 459 203 520 armis
224 464 317 534 cogat,
338 457 480 518 civitatem
501 457 668 517 confirmari
690 454 794 534 quibus
814 455 980 536 ademptam
993 464 1088 534 negat,

115 540 288 603 concordiae
308 540 400 617 gratia
419 540 516 619 plebei
530 538 714 600 tribuniciam
732 543 905 616 potestatem
921 541 1031 602 restitui
1053 558 1089 601 ex

115 643 172 704 qua
194 640 296 685 omnes
318 622 479 684 discordiae
501 623 652 684 adcensae.
688 622 827 683 Pessume
852 626 982 686 omnium
1003 629 1089 702 atque
1106 631 1140 686 1⁶

91 707 372 786 sinpudeutissume,
393 705 483 767 tibine
496 712 609 784 egestas
626 706 730 767 civium
752 712 781 766 et
798 704 894 767 luctus
909 724 996 772 curae
1010 708 1092 768 sunti

115 793 161 852 cui
185 788 256 851 nihil
279 797 324 851 est
340 790 419 851 demi
440 790 495 850 nisi
516 790 605 850 armis
630 794 748 867 partum
780 795 830 849 aut
855 808 909 869 per
934 792 1083 852 iniuriam.

113 874 244 935 Alterum
269 872 451 934 consulatum
472 874 546 951 petis
568 874 650 951 quasi
670 872 798 950 primum
819 873 989 943 reddideris,
1011 873 1088 936 bello

114 955 302 1017 concordiam
324 957 441 1035 quaeris
463 974 521 1034 quo
539 961 622 1035 parta
634 954 821 1025 disturbatur,
843 959 935 1017 nostri
947 956 1087 1035 proditor,

113 1041 174 1100 istis
189 1038 302 1109 infidus,
324 1040 415 1100 hostis
437 1041 566 1101 emnium
587 1039 742 1099 bonorum.
775 1039 812 1101 Ut
833 1046 861 1101 le
882 1058 978 1119 neque
996 1040 1089 1101 homi·

79 1139 183 1184 ionum
204 1141 300 1202 neque
322 1124 446 1185 deorum
466 1123 570 1202 pudet,
600 1141 673 1202 quos
699 1139 753 1200 per
777 1122 865 1184 fidem
892 1130 942 1184 aut
960 1124 1089 1204 periurio

112 1205 236 1266 violasti!
259 1206 314 1276 Qui
334 1207 449 1284 quando
472 1206 536 1266 talis
558 1226 603 1275 es,
624 1221 742 1266 maneas
761 1207 791 1265 in
808 1209 951 1269 sententia
969 1214 998 1269 et
1020 1209 1089 1268 reti·
1110 1213 1141 1264 lo

112 1306 183 1348 neas
200 1305 281 1348 arma
296 1296 325 1349 te
344 1288 457 1358 hortor,
477 1307 535 1349 neu
554 1287 732 1365 prolatandis
750 1289 955 1361 seditionibus,
978 1291 1090 1370 inquies

112 1371 184 1447 ipse,
207 1387 262 1431 nes
282 1371 312 1432 in
333 1370 525 1433 sollicitudine
553 1372 691 1432 adtineas.
740 1369 841 1450 Neque
865 1379 894 1433 te
915 1375 1089 1450 provinciae,

112 1471 209 1532 nequo
234 1454 329 1530 leges,
355 1471 452 1532 neque
474 1455 520 1516 dei
543 1461 663 1532 penates
684 1454 776 1515 civem
795 1456 954 1532 patimrtur.
996 1456 1091 1534 Perge

79 1551 169 1615 toque
187 1545 321 1616 coeptas,
347 1544 488 1618 utquam
506 1545 688 1600 maturrume
708 1536 811 1598 merita
834 1539 971 1600 invenias.

196 1621 254 1682 Vos
278 1627 390 1691 autem,
411 1628 510 1700 patres
533 1622 704 1699 conscripti,
733 1638 904 1701 quousque
926 1623 1089 1685 cunctando
1109 1632 1139 1684 1'1

110 1704 337 1784 rempublicam
359 1707 482 1766 intutam
500 1705 649 1783 patiemini
677 1712 706 1765 et
733 1704 830 1767 verbis
858 1723 940 1766 arma
968 1712 1090 1785 tempta·

112 1789 197 1848 bitis?
236 1788 363 1849 Dilectus
388 1788 544 1849 advorsum
564 1804 615 1848 vos
636 1787 734 1856 habiti,
762 1790 903 1864 pecuniae
923 1789 1039 1866 publice
1061 1798 1090 1852 et

111 1872 245 1947 privatim
261 1875 400 1941 extortae,
423 1870 567 1949 praesidia
588 1868 711 1931 deducta
730 1877 817 1949 atque
831 1872 969 1949 inposita:
991 1891 1028 1934 er
1044 1871 1089 1934 lu·

78 1953 209 2015 eobidine
237 1954 317 2032 leges
333 1955 532 2033 imperantur,
554 1970 621 2013 cum
649 1953 766 2014 interim
785 1971 837 2013 vos
857 1953 968 2032 legatos
991 1962 1019 2017 et
1039 1956 1089 2018 dc·

110 2043 189 2098 creta
212 2037 331 2116 paratis.
351 2040 465 2108 Quanto
484 2035 669 2098 mehercules
689 2037 798 2098 aridius
817 2054 920 2115 pacem
938 2039 1088 2115 petieritis,

110 2126 189 2181 tanto
219 2119 329 2182 bellum
356 2123 452 2182 acrius
480 2122 548 2190 erit,
576 2137 644 2180 cum
663 2118 812 2198 intelleget
835 2137 868 2182 so
895 2128 975 2184 metu
997 2123 1090 2200 magis

110 2221 197 2280 quam
222 2220 316 2282 aequo
336 2211 365 2264 et
378 2203 457 2265 bono
478 2209 679 2266 sustentatum.
704 2202 778 2264 Nam
795 2206 845 2283 qui
862 2205 963 2266 turbas
982 2212 1088 2268 etcae-
1109 2214 1140 2266 18

110 2285 178 2346 dem
193 2287 298 2346 civium
313 2285 408 2347 odisse
426 2289 465 2347 ait
486 2293 515 2346 et
536 2285 574 2345 ob
589 2286 618 2345 id
629 2292 742 2345 armato
759 2286 868 2363 Lepido
888 2307 940 2348 ros
960 2290 1089 2350 inermos

75 2371 224 2440 uretinet,
250 2386 325 2447 quae
349 2370 429 2431 victis
451 2367 601 2430 toleranda
619 2374 696 2438 sunt,
720 2386 754 2428 ea
778 2386 845 2428 cum
860 2368 958 2431 iacere
972 2373 1089 2447 possitis

108 2452 259 2530 patiamini
277 2452 374 2531 potius
389 2457 498 2515 censet.
541 2450 584 2511 lta
606 2448 647 2510 illi
668 2469 684 2511 a
705 2450 787 2511 vobis
808 2469 926 2530 pacem,
950 2452 1033 2514 vobis
1051 2454 1089 2515 ab

107 2534 157 2596 illo
179 2535 289 2598 bellum
311 2537 422 2598 suadet.
445 2535 525 2596 llaec
546 2536 570 2594 si
590 2531 715 2611 placent,
738 2535 763 2593 si
784 2539 863 2595 tanta
882 2536 1005 2615 torpedo
1027 2539 1140 2602 ani-19

109 2636 172 2678 mos
194 2620 337 2700 obrepsit,
360 2626 393 2698 nt
416 2617 497 2681 obliti
517 2616 663 2678 scelerum
683 2616 800 2687 Cinnae,
823 2621 906 2680 cuius
931 2621 961 2680 in
982 2618 1089 2682 urbem

108 2702 204 2762 reditu
225 2704 314 2765 decus
335 2704 446 2764 ordinis
466 2701 553 2764 huius
568 2701 691 2770 interiit,
713 2700 804 2761 nihilo
822 2703 919 2763 minus
935 2721 987 2764 ros
1001 2711 1089 2783 atque

74 2785 248 2860 aeconiuges
267 2792 297 2846 et
311 2784 420 2846 liberos
441 2785 550 2865 Lepido
571 2785 744 2861 permissuri
765 2785 839 2854 sitis,
863 2787 932 2866 quid
947 2804 1021 2866 opus
1038 2788 1088 2850 de·

109 2865 214 2927 cretisi
247 2866 316 2945 qnid
336 2867 441 2929 auxilio
464 2868 575 2930 Catuli?
597 2865 674 2938 Quin
696 2869 722 2928 is
744 2875 772 2928 et
792 2866 840 2929 alii
860 2869 1013 2933 honinem
1033 2890 1088 2952 pn·
1106 2887 1140 2940 no

107 2949 213 3011 blicam
235 2949 343 3012 frustra
365 2957 477 3012 curant.
504 2951 600 3028 Agite,
629 2959 663 3012 ut
678 2950 774 3012 lubet!
799 2959 901 3031 parate
928 2954 1010 3017 robis
1035 2955 1087 3017 Ce-

107 3034 186 3110 thegi
207 3040 294 3113 atque
315 3032 369 3094 alia
391 3035 576 3112 proditorum
596 3035 767 3113 patrocinia,
790 3038 840 3115 qui
859 3040 977 3118 rapinas
997 3046 1027 3100 et
1043 3040 1088 3099 in·

107 3117 209 3178 cendia
230 3119 394 3178 instaurare
416 3119 537 3197 cupiunt
558 3122 587 3176 et
600 3133 704 3178 rursus
719 3118 876 3182 advorsum
887 3122 959 3183 deos
973 3124 1088 3200 penatis

73 3218 210 3265 romanus
237 3218 361 3262 armare.
405 3201 456 3262 Sin
476 3199 595 3262 libertas
617 3207 646 3260 et
666 3219 736 3263 vera
763 3205 856 3282 magis
876 3205 1007 3283 placent,
1037 3207 1088 3269 de·

106 3285 216 3346 cernite
239 3285 325 3363 digna
350 3285 468 3347 nomine
501 3289 531 3345 et
557 3289 663 3359 augete
686 3285 838 3363 ingenium
859 3290 928 3351 viris
953 3288 1086 3352 fortibus.

104 3365 194 3428 Adest
213 3380 304 3429 noves
326 3370 485 3440 exercitus,
508 3367 546 3428 ad
568 3365 626 3427 hoc
646 3366 777 3432 coloniae
803 3378 934 3435 veterum
954 3373 1087 3443 militum,
1105 3384 1138 3437 21

103 3448 240 3512 nobilitas
262 3454 369 3522 omnis,
408 3453 498 3516 duces
529 3451 658 3531 optumi:
691 3451 809 3515 romena
831 3455 967 3524 meliores
992 3459 1088 3537 sequi·

151 3546 286 3606 siccum.
917 3543 938 3607 8
