2422 3854
286 205 326 266 12
396 222 440 266 nu
463 217 637 262 domninus
661 218 901 263 ccurvnumoun
925 219 953 262 o.
975 211 1019 264 ιι.
1043 210 1086 261 aa.
1109 212 1153 265 aa

285 371 344 432 citu
366 371 398 431 P.
423 369 537 431 Sittium
559 367 756 435 Nucerinum,
779 366 881 427 consili
901 368 947 427 sui
966 368 1140 446 participes:
1164 384 1211 445 pe

284 451 468 515 consulatum
479 452 513 512 G.
526 451 692 518 Antonium,
706 467 793 528 quem
810 449 865 510 sibi
883 449 1036 525 conlegam
1046 449 1111 510 lere
1121 466 1207 528 spera

283 536 433 597 bominem
446 541 475 596 et
486 533 660 594 familiarem
672 538 701 593 et
712 533 848 594 omuibus
859 532 1124 593 necessitudinibus
1138 534 1198 593 circ

256 624 418 681 arentum:
442 635 510 678 curn
527 635 563 678 eo
578 633 610 676 se
625 613 776 677 consulem
791 617 904 676 initium
919 615 1027 692 agundi
1042 615 1198 677 iacturum.

280 701 339 761 boc
359 700 436 762 male
458 700 541 760 dictis
563 697 735 777 increpabat
760 700 856 759 omnis
876 697 985 768 bonos,
1015 716 1134 759 snorum
1156 717 1197 759 un

281 802 428 863 quemque
455 785 610 843 nominans
636 779 771 842 laudare:
800 780 975 842 admonebat
1000 779 1089 842 alium
1117 797 1207 857 eges

282 866 370 927 abum
393 866 558 946 cupiditatis
578 882 663 934 suae,
693 864 842 942 conpluris
860 863 983 941 periculi
1004 870 1055 924 aut
1075 865 1206 941 ignomin

256 949 390 1013 emultos
405 950 544 1010 victoriae
560 947 710 1017 Sullanae,
733 946 839 1024 quibus
855 964 888 1007 ea
905 947 1032 1024 praedae
1047 947 1151 1008 luerat.
1179 947 1211 1007 P¹

283 1052 371 1112 quam
386 1034 518 1093 omnium
540 1032 652 1091 animos
673 1029 776 1091 alacris
796 1030 890 1099 videt,
914 1030 1083 1091 cohortatus
1100 1038 1133 1091 ut
1148 1035 1208 1110 peti

231 1115 351 1177 tanen
365 1133 450 1177 snam
470 1133 560 1176 curae
581 1112 737 1182 baberent,
759 1119 935 1174 conventum
955 1113 1070 1175 dimisit.
1109 1113 1205 1174 Fuere

282 1204 470 1276 tempestate,
495 1199 545 1276 qui
559 1197 691 1258 dicerent
704 1195 866 1275 Catilinam,
874 1197 1005 1258 oratione
1027 1195 1125 1256 habita
1140 1214 1208 1256 cum

281 1281 486 1342 iusiurandum
500 1279 653 1360 popularis
667 1278 786 1341 sceleris
800 1297 845 1340 sur
859 1280 998 1356 adigeret,
1017 1278 1138 1340 bomani
1155 1297 1206 1338 cor

254 1365 322 1427 aris
334 1365 507 1442 sanguinem
518 1366 584 1424 rino
595 1363 773 1441 permixtum
786 1364 816 1424 in
827 1364 936 1440 pateris
950 1361 1179 1424 circumtulisse:
1195 1363 1201 1376 '

283 1465 351 1508 cum
368 1454 436 1526 post
450 1447 667 1508 execrationem
683 1463 784 1507 omnes
798 1446 1042 1522 degustavissent,
1059 1447 1144 1507 sicuti
1160 1446 1190 1506 in
1208 1469 1211 1495 ε

281 1529 427 1591 lemnibus
446 1531 538 1590 sacris
558 1529 623 1594 fleri
644 1530 802 1597 consuerit,
825 1530 976 1598 aperuisse
991 1527 1144 1588 consilium
1165 1546 1199 1589 su

280 1606 383 1690 [atque
394 1627 429 1669 eo
438 1608 571 1668 dictitare
581 1604 702 1707 fecisse]
714 1624 772 1686 quo
784 1608 862 1667 inter
873 1609 964 1668 solidi
975 1612 1067 1687 magis
1077 1613 1198 1672 forent

254 1690 329 1757 catii
345 1694 418 1753 tanti
436 1693 574 1754 facinoris
591 1693 709 1752 corusci
743 1689 881 1752 Nonnulli
900 1692 966 1753 licta
982 1698 1011 1752 et
1032 1690 1107 1752 baec
1129 1698 1157 1753 et
1171 1710 1201 1751 m

281 1781 435 1854 praeterea
447 1773 662 1836 existumabant
673 1773 748 1835 ab
723 1792 778 1842 ers,
796 1792 846 1853 qur
837 1773 1005 1835 Ciceronis
1019 1775 1170 1844 invidiam,
1188 1794 1206 1854 q

281 1864 382 1938 postea
403 1865 466 1919 orta
488 1863 547 1926 est,
566 1856 653 1918 leuiri
670 1855 830 1918 credebant
846 1859 996 1920 atrocitate
1010 1856 1130 1919 sceleris
1148 1876 1199 1919 eor

282 1943 332 2020 qni
352 1958 463 2021 poenas
486 1940 636 2002 dederant.
679 1939 769 2000 Nobis
790 1958 824 1999 en
845 1958 894 2000 res
916 1959 971 2018 pro
989 1941 1188 2017 magnitudine

281 2042 349 2084 ιιιιιι
365 2031 505 2103 conperta
525 2030 577 2084 est.

232 2114 272 2176 23
368 2107 446 2167 Set
439 2126 468 2168 ru
488 2126 522 2168 ea
539 2106 739 2168 coniuratione
759 2104 1001 2176 introductus,
1024 2105 1196 2167 natusbaut

283 2188 466 2261 romolono,
486 2191 601 2267 llagitiis
615 2196 702 2268 atque
717 2186 897 2248 facinoribus
913 2195 1063 2266 copertus,
1090 2208 1178 2268 quern
1193 2208 1208 2250 c

254 2289 364 2337 asores
377 2281 479 2335 senatu
491 2273 595 2352 probri
604 2273 698 2349 gratia
708 2276 868 2332 moverant.
885 2271 960 2333 llnic
970 2271 1082 2333 homini
1094 2290 1154 2332 non
1165 2274 1203 2334 m'

281 2357 391 2416 vanitas
405 2358 500 2419 inerat
518 2375 605 2455 quam
620 2355 756 2417 audacia:
778 2372 875 2435 neque
890 2357 1015 2417 reticere
1030 2375 1104 2435 quae
1119 2357 1204 2417 audie

280 2456 378 2518 neque
391 2441 527 2502 suamet
519 2458 582 2518 ipsc
599 2437 711 2501 scelera
729 2438 890 2504 occultare,
914 2457 1036 2516 prorsus
1052 2458 1149 2518 neque
1164 2440 1209 2500 dic

254 2535 377 2603 aneque
393 2524 490 2584 lacere
506 2524 663 2601 quicquam
677 2524 761 2601 pensi
777 2519 913 2581 babebat
937 2521 1049 2581 Erat
1024 2540 1050 2581 ei
1068 2539 1136 2581 cum
1151 2521 1206 2582 uui

285 2605 410 2667 muliere
432 2604 537 2673 nobili,
560 2606 655 2680 stupri
676 2611 759 2665 retus
780 2601 971 2664 consuetudo.
1000 2601 1053 2662 Gui
1076 2621 1143 2663 cum
1165 2623 1195 2665 m

280 2696 382 2764 gratus
397 2696 481 2759 esset,
498 2688 565 2766 quia
581 2687 678 2764 inopia
693 2687 789 2745 miuus
803 2683 906 2761 largiri
922 2690 1045 2782 poterant,
1061 2693 1211 2762 repente:
1202 2730 1211 2734 <

281 2771 361 2830 rians
375 2773 467 2831 maria
483 2771 649 2848 montisque
666 2766 798 2846 polliceri
816 2768 919 2844 coepit,
943 2773 972 2827 et
988 2769 1094 2830 minari
1114 2769 1210 2831 interd

281 2853 371 2921 ferro,
387 2853 488 2915 nisibi
504 2852 629 2913 obnoxia
641 2851 728 2912 foret:
742 2856 891 2928 postremo
906 2849 1033 2913 ferocius
1048 2854 1158 2930 agitare
1173 2872 1203 2932 qr

253 2935 384 2996 esolitus
403 2942 474 2996 erat.
498 2935 535 2995 At
548 2933 658 3003 Fulvia,
675 2933 845 2995 insolentiae
857 2933 926 2995 Curi
949 2952 1035 2997 cansa
1058 2938 1187 3012 cognita,

286 3016 451 3098 periculum
472 3020 518 3079 rei
535 3016 670 3095 publicae
691 3016 763 3078 baut
777 3016 924 3078 occultum
946 3017 1063 3088 habuit,
1087 3024 1132 3079 set
1146 3018 1201 3080 sub

282 3106 403 3163 auctore
419 3100 455 3162 de
467 3101 606 3162 Catilinae
619 3101 819 3162 coniuratione
845 3119 920 3179 quae
935 3120 1052 3181 quoque
1063 3102 1151 3162 modo
1162 3120 1211 3163 au

255 3190 327 3252 erat
349 3181 542 3263 conpluribus
565 3186 703 3246 narravit.
728 3183 770 3244 Ea
781 3200 830 3245 res
843 3184 873 3243 in
887 3185 988 3263 primis
1001 3185 1096 3245 studia
1109 3184 1210 3246 bomin

282 3267 419 3329 adcendit
442 3269 478 3329 ad
506 3268 689 3329 consulatum
716 3266 915 3328 mandandum
936 3266 973 3326 ll.
997 3266 1094 3328 Tullio
1117 3267 1211 3329 Cicer

228 3400 232 3405 ,
256 3350 414 3430 gNamquc
429 3357 514 3412 antea
528 3350 669 3430 pleraque
685 3349 821 3413 nobilitas
833 3349 939 3411 invidia
950 3349 1116 3419 aestuabat,
1133 3357 1162 3411 et
1184 3376 1189 3404 t

270 3433 372 3510 pollui
389 3433 573 3498 consulatum
584 3434 752 3504 credebant,
770 3435 794 3496 si
805 3451 871 3495 eum
883 3432 1013 3514 quantus
1024 3431 1160 3513 egregius
1171 3433 1210 3495 bo
