2422 3854
470 218 654 261 remorto.
1010 218 1057 262 v11

77 338 173 386 orimeu
191 336 332 401 iniungere.
354 361 387 372 -
408 336 504 393 6681.
523 335 577 384 deis
598 340 642 383 aut
663 329 881 397 hominibusi]
906 334 962 383 doio
985 339 1061 398 atque

75 402 222 455 dominibus.
241 429 273 440 -
291 405 332 460 61,
345 404 386 454 86.
412 402 489 453 vrbo
511 402 647 450 etiamnum
665 399 795 464 glossema
816 399 910 452 iudico.
927 425 961 436 -
976 408 1062 464 potest

76 472 173 523 occulte
191 484 213 519 c.
226 466 259 538 L]
278 474 373 522 occulte
389 475 483 534 potest.
496 493 529 504 -
547 467 588 526 52,
601 468 643 518 tc.
662 482 709 531 epo
720 468 758 518 ita
770 465 822 528 (ed.
834 467 910 528 1884)
920 482 951 519 ·c.
963 464 1002 581 lp
1015 470 1058 527 ita,

75 561 109 575 -
126 538 168 596 63,
181 538 206 587 6.
223 537 390 588 Vehementer
407 537 514 586 laetatus
532 548 602 594 sum,
630 534 700 595 quod
717 533 757 583 nr.
770 531 867 582 liitschl
885 533 963 595 (Mus.
1003 533 1061 586 heu.

75 599 166 655 lixit
184 618 211 668 p.
223 605 284 665 818)
310 603 373 652 mihi
395 602 521 652 edseusus
543 610 594 660 ost,
623 601 715 661 locum
730 599 856 650 vocabulo
882 600 977 650 omisso
1000 616 1061 650 con·

75 681 177 736 raptum
195 672 357 722 statuendum
380 671 466 735 potius
489 683 559 728 esre,
586 682 662 729 quem
684 668 885 718 emendationem
908 668 1061 718 deteriorum

76 737 197 787 librorum
215 740 294 804 effeto
308 743 417 803 parente
435 735 619 803 recipiundum,
639 736 714 784 etium
731 735 904 784 vehementius
922 736 992 796 quod
1009 750 1060 784 666

21 824 24 829 <
75 812 172 865 aetate,
199 816 238 856 aet
258 808 283 856 oi
304 805 431 854 excidisse
452 802 539 852 docuit
564 801 698 863 locumque
725 812 829 867 optume
854 801 1006 853 inlustravit.
1028 826 1061 840 -

75 873 116 932 61,
129 873 153 922 6.
172 870 226 938 iilo]
245 875 312 923 iilum
329 872 349 923 1.
383 870 447 920 lllnd
464 870 556 918 retinui
573 883 625 918 666
649 870 680 918 66
702 868 824 918 librorum
847 869 958 930 aliquem
976 869 1061 929 fldem,

74 950 113 988 set
132 939 163 987 cb
182 939 321 989 sententiae
342 939 544 988 concinnitatem.
565 962 599 972 -
621 937 699 996 66,1.
720 932 854 1000 tresviros]
878 937 1022 987 triumuiros
1039 937 1059 988 1.

74 1007 120 1056 Ad
136 1021 194 1054 curu
211 1004 314 1056 delendi
333 1019 409 1070 posse
427 1005 550 1063 rideatur,
570 1003 629 1053 6616
648 1003 810 1068 suspiciones
829 1003 910 1065 sequi.
928 1028 961 1039 -
979 1004 1020 1062 66,
1033 1007 1058 1055 8.

74 1073 221 1124 accenderis
238 1072 359 1122 librorum
377 1071 427 1122 ilde
444 1072 646 1121 commendatur:
665 1072 691 1119 iu
709 1078 779 1119 tento
797 1071 833 1118 rei
847 1068 999 1118 obscuritate
1011 1084 1059 1135 ego

74 1138 137 1188 nihil
154 1140 297 1204 discerncre
315 1140 406 1188 audeo.
424 1164 457 1174 -
480 1139 520 1198 66,
534 1139 559 1192 6.
577 1137 662 1187 Verba
679 1139 789 1187 vindices
810 1153 895 1186 rerum
915 1139 1060 1201 capitalium

74 1215 368 1338 illiniti.
381 1199 1060 1336 liilliiuiilniiiiiiiilliciti

75 1339 214 1403 perieram,
240 1352 317 1400 quam
339 1339 366 1386 in
390 1336 511 1386 Sallustio
539 1337 618 1385 mirae
639 1346 715 1397 atquo
737 1337 883 1387 inconditae
905 1339 1059 1389 norrrtionls

75 1407 169 1454 crimen
192 1405 345 1467 relinquam.
366 1429 399 1439 -
422 1403 500 1462 om.
527 1403 546 1450 l.
565 1403 641 1451 verba
663 1403 689 1451 in
709 1404 773 1467 supa
797 1403 878 1455 delete
900 1405 962 1455 volt.
998 1405 1060 1454 Mihi

75 1486 202 1537 proxume
218 1471 252 1520 sd
269 1485 356 1520 verum
374 1470 518 1519 adcessisse
535 1467 686 1518 8611166661
704 1468 803 1518 videtur
817 1469 895 1532 (Mus.
908 1469 989 1521 Rhen.
1009 1472 1025 1519 l.
1039 1487 1059 1520 c.

96 1536 176 1600 ,3111)
194 1540 330 1602 empeditur
348 1538 465 1587 turdulos
483 1540 509 1585 lo
517 1536 582 1600 supa
600 1535 676 1584 scribi
687 1536 786 1586 iubens.
798 1561 831 1573 -
849 1537 891 1600 68,
902 1539 926 1587 6.
979 1541 1060 1588 oloco

76 1554 129 1663 fed.
142 1605 219 1668 1864)
237 1602 266 1670 1.]
287 1621 335 1670 quo
352 1606 378 1653 in
396 1606 459 1656 loco.
478 1628 511 1639 -
529 1603 570 1662 68,
584 1605 609 1656 9.
628 1606 667 1652 rio
685 1618 706 1653 c.
720 1603 825 1662 Kritrio,
844 1606 870 1653 id
888 1618 940 1665 quo
976 1603 1060 1653 letini-

75 1685 113 1723 tes
132 1672 254 1740 postulet,
273 1672 406 1721 restituere
422 1670 508 1731 malui,
528 1684 604 1732 quam
622 1670 708 1719 stricte
725 1685 740 1718 6
757 1670 865 1720 librariis
885 1671 1003 1720 lineolam
1016 1671 1059 1720 ad-

76 1741 170 1805 pictum
189 1754 246 1790 esse
258 1754 360 1805 negare.
373 1763 406 1774 -
424 1739 514 1802 68,11.
531 1753 581 1801 pro
590 1739 706 1802 potentia
715 1753 854 1801 paucorum
863 1754 978 1803 pupnare
997 1753 1018 1787 c.
1028 1735 1059 1803 1.]

73 1821 189 1871 pupnorc
204 1821 254 1870 pro
291 1807 386 1857 utentia
400 1820 547 1870 pontonem.
560 1830 593 1839 -
611 1806 652 1863 68,
666 1805 708 1853 tu.
725 1806 910 1868 adpredlamlm'
926 1802 992 1870 6.1.]
1014 1806 1060 1855 ad-

74 1873 215 1938 predimt‘ni.
262 1823 420 1934 6666666666
447 1871 603 1936 inperativus
627 1871 730 1934 gravior
756 1873 781 1919 et
806 1869 927 1920 catilinae
956 1872 1059 1936 ingenio

20 1975 23 1979 .
75 1941 158 2004 aptior
175 1940 283 1991 videtur.
300 1964 333 1976 -
351 1941 392 1997 69,
406 1941 429 1990 6.
450 1933 558 2002 16666111]
580 1940 694 1987 tumultur
712 1936 731 1988 l.
767 1937 892 1986 Incertum
909 1937 972 1987 mihi
989 1939 1058 1986 vide-

75 2016 123 2066 tur,
142 2021 204 2056 num
221 2006 362 2072 singularis
379 2006 525 2067 etantiqua
542 2003 593 2066 illa,
612 2018 678 2066 quoa
694 2004 721 2052 in
732 2005 821 2067 prucis
840 2013 884 2055 ent
894 2006 920 2054 iu
933 2019 983 2055 uuo
994 2005 1059 2054 libro

75 2074 246 2135 inveniuntur,
265 2074 488 2139 grammaticorum
505 2071 692 2136 praeiudicatae
710 2071 826 2136 opinioni
843 2087 873 2121 66
889 2073 999 2138 pruritui
1016 2072 1060 2122 de-

74 2141 189 2201 beantur,
207 2156 240 2190 66
257 2141 283 2189 iu
302 2140 439 2204 archetypo
458 2149 559 2190 servate
576 2153 621 2204 per
638 2139 742 2204 ignaros
760 2140 787 2189 lu
804 2139 919 2204 volgarit
931 2150 955 2190 et
966 2141 1060 2191 usitata

75 2216 228 2257 commutata
250 2209 312 2261 siuti
329 2233 362 2244 -
386 2205 428 2267 60,
441 2209 465 2256 2.
484 2204 571 2268 Neque
588 2204 671 2256 Nonio
695 2215 792 2257 tantum
814 2207 897 2257 trlbno
924 2216 951 2257 ut
972 2217 1060 2258 oontm

75 2274 153 2324 llbrcr
171 2291 188 2324 6
205 2275 336 2338 recipiam,
355 2289 438 2335 neque
455 2273 535 2332 libris,
562 2282 590 2322 nt
606 2282 695 2322 contre
712 2288 787 2323 usum
805 2287 835 2323 66
852 2275 1059 2324 cousuetudinem

75 2339 224 2389 Latinorum
246 2356 299 2389 oum
321 2341 421 2401 infertis
443 2341 522 2404 ripule
548 2340 689 2403 genuinum
715 2355 773 2389 esse
794 2339 903 2390 credam.
925 2362 959 2375 -
981 2340 1023 2403 81,
1036 2344 1060 2391 8.

76 2406 161 2456 Verbo
183 2407 231 2455 alia
254 2406 316 2455 aiibi
339 2412 449 2468 stantes,
476 2419 542 2466 quae
559 2403 642 2455 Diem.
661 2420 687 2470 p.
700 2407 749 2455 888
775 2415 800 2453 et
821 2403 953 2454 charisius
972 2420 998 2470 p.
1012 2407 1060 2455 168

76 2488 127 2522 666
145 2487 273 2524 consensu
295 2487 353 2522 cum
370 2486 454 2522 omnes
476 2478 558 2521 tamen
575 2472 692 2522 advortit
708 2469 851 2522 volneribus
872 2471 958 2520 iuncto
981 2471 1061 2520 luisse

76 2539 242 2600 tradiderunt,
266 2548 294 2588 ut
311 2554 368 2588 cum
385 2538 494 2589 lordono
513 2551 598 2587 errore
619 2538 756 2586 memoriae
778 2551 810 2585 ox
829 2538 899 2596 cut
921 2539 985 2587 aller
1001 2538 1063 2588 alibi

75 2609 219 2658 resistentis
236 2606 302 2655 mole
320 2606 427 2656 conllata
444 2621 502 2656 essa
519 2604 621 2655 credent
638 2617 689 2652 nou
706 2603 827 2654 adducor.

142 2671 211 2737 lug.
231 2674 255 2732 1,
269 2674 292 2724 6.
311 2689 342 2723 ac
358 2674 501 2737 pernitiosa
518 2688 551 2721 ox
568 2674 679 2736 August.
699 2670 747 2735 Ep.
760 2669 817 2719 LIV
849 2670 897 2720 dal.
909 2670 928 2719 1.
958 2671 1061 2733 Aeque·
1159 2691 1162 2698 ·

76 2738 172 2788 bilitate
188 2741 361 2790 membrorum
377 2739 456 2789 multo
474 2740 557 2806 mugit
575 2739 783 2788 commendentur
806 2738 811 2749 '
832 2752 848 2786 6
871 2738 960 2797 verba,
984 2752 1061 2799 quarn

76 2820 142 2870 queo
153 2805 172 2858 l.
193 2803 221 2856 G.
232 2805 282 2865 8,2
300 2806 437 2856 insemudn
453 2807 561 2871 putavit.
587 2805 659 2863 Quod
676 2806 703 2853 lu
720 2803 789 2854 nullo
807 2803 872 2853 libro
886 2805 980 2868 scripta
992 2815 1060 2869 sunt,

77 2881 143 2922 corte
160 2871 313 2922 documento
332 2882 383 2932 cst,
407 2887 494 2922 omnes
511 2871 590 2922 libros
613 2887 645 2921 ex
669 2886 719 2921 nno
737 2871 876 2937 archetypo
894 2870 1012 2923 duxisse.
1029 2895 1062 2910 -

75 2942 136 3000 6,1.
166 2937 263 2989 Locum
285 2940 407 2989 constitui
428 2940 566 2990 secuudum
589 2953 632 3004 ea,
662 2953 727 3000 quae
749 2937 935 2989 liberalissurue
955 2952 996 2986 me
1018 2937 1061 2988 W.

75 3005 232 3067 Roscher,
251 3007 350 3057 invenis
369 3007 550 3066 doctissumus,
568 3021 615 3071 per
631 3005 726 3055 litteras
744 3007 851 3057 monuit.
871 3030 903 3040 -
925 3006 951 3065 4,
963 3004 988 3052 4.
1007 3006 1060 3068 qui·

76 3072 122 3123 dut
138 3099 172 3110 -
194 3075 244 3126 ade
263 3081 304 3126 tao
324 3090 378 3124 stou
400 3076 487 3140 petales
509 3087 566 3121 cum
587 3072 682 3122 Kritzlo
705 3071 756 3134 (ed.
770 3074 835 3124 1868
858 3085 891 3120 ex
913 3065 1061 3136 Elberliugli

77 3090 373 3207 coniecturaffadepiut
390 3142 437 3192 666
454 3147 479 3191 et
496 3141 583 3206 quaiso
600 3139 620 3192 1.
639 3154 697 3188 cnm
714 3138 794 3189 libris.
831 3137 885 3196 Quo
904 3137 981 3188 modo
999 3136 1062 3187 6666

76 3208 203 3272 scriptura
233 3217 258 3257 et
286 3209 384 3273 logicae
416 3207 509 3257 reticui
544 3217 568 3256 et
595 3204 699 3256 Sallusti
728 3206 891 3256 concinnitati
919 3204 1060 3264 conveniat,

76 3287 128 3323 666
146 3274 257 3327 invenio.
280 3301 313 3312 -
335 3277 397 3335 Η.
416 3274 455 3325 ltin
471 3270 589 3338 moridie]
613 3272 633 3323 1.
653 3276 689 3323 eir
710 3273 878 3325 66661666.-
901 3272 962 3330 6,8.
980 3286 1060 3336 repe-

76 3340 143 3390 diam
166 3341 198 3390 66
220 3343 431 3392 cousuetudinem
453 3337 559 3389 Sallusti
585 3339 706 3400 illiusque
725 3336 825 3400 eetutis]
849 3337 961 3387 emedio
983 3337 1002 3387 1.
1029 3352 1060 3387 ex

75 3405 156 3457 libris.
173 3433 207 3443 -·-
225 3409 250 3466 6,
263 3409 288 3460 4.
306 3404 410 3472 Susam]
429 3406 547 3472 Syphace
565 3406 585 3459 L
603 3431 636 3442 -
654 3406 678 3465 6,
692 3406 717 3460 6.
733 3405 781 3455 red
797 3405 862 3453 retiu
891 3411 901 3452 t
917 3402 938 3451 l.
965 3399 1057 3463 Smne

75 3480 144 3520 66666
160 3471 210 3520 fuit
226 3473 277 3520 ium
295 3482 353 3522 ente
369 3488 410 3522 me
426 3471 538 3522 Linlreru
557 3466 812 3536 61661666661666
826 3476 856 3518 et
870 3460 1021 3518 66666666.
1035 3461 1086 3503 R*
