2422 3854
143 189 184 253 96
255 251 262 269 ,
317 207 360 249 nu
379 204 483 248 nunno
504 202 704 246 rvevsrnruo
727 201 754 243 o.
777 194 820 248 93.
842 192 887 248 94.
908 193 953 248 95.

144 357 339 424 centuriones,
358 353 510 430 omnisque
523 350 625 428 Liguri
641 365 747 426 parere
760 347 856 418 iubet,
878 356 907 409 et
943 350 970 409 ei
1003 350 1137 427 negotio*

91 443 132 506 94
143 455 320 520 proxumum
341 435 421 497 diem
433 434 589 495 constituit.
628 431 678 493 Set
700 431 751 493 ubi
772 451 808 493 ex
826 437 985 510 praecepte
1006 437 1124 511 tempus

141 526 250 592 vuum,
265 520 373 598 paratis
388 518 603 595 conpositisque
617 514 752 576 omnibus
767 514 803 575 ad
821 514 919 576 lecum
933 514 1040 594 pergit.
1068 513 1122 576 Ge-

141 603 315 674 terumilli,
337 603 388 680 qui
406 601 556 662 escensuri
572 605 668 668 erant,
689 598 840 677 praedocti
861 597 897 659 ab
921 596 1011 668 duce,
1040 615 1124 660 arma

141 695 336 765 ornatumque
357 690 554 753 mutaverant,
575 683 677 763 ¹capite
696 688 783 761 atquc
804 679 928 760 pedibus
951 679 1051 751 nudis,
1081 684 1145 743 ntis

140 776 314 850 prospectus
334 769 474 846 musque
493 785 548 845 per
569 783 638 827 saxa
665 763 777 826 facilius
805 765 894 826 foret:
921 780 1012 842 super
1038 770 1123 843 terga

141 853 227 931 gladii
242 860 271 914 et
283 858 379 920 scuta,
394 869 497 913 verum
512 868 546 912 cs
563 848 714 910 Numidica
732 867 768 910 ex
783 849 883 917 coriis,
899 847 1040 927 ponderis
1055 865 1122 927 gra·

70 946 74 952 ’
114 939 180 999 etia
195 936 280 998 simul
299 944 327 996 et
346 933 468 996 eblensa
485 952 543 1012 quo
558 932 649 994 levius
664 939 838 1010 streperent.
875 931 967 1011 igitur
982 947 1122 1009 praegre-

141 1021 224 1082 diens
237 1020 325 1098 Ligus
339 1035 409 1079 saxa
423 1025 452 1078 et
473 1018 587 1096 siquae
602 1015 865 1096 vetustaepradiccs
882 1012 1050 1076 eminebant
1080 1014 1122 1076 la·

141 1105 224 1182 queis
236 1101 389 1170 vinciebat,
411 1100 518 1179 quibus
533 1099 656 1181 adlevati
670 1097 776 1159 milites
791 1096 903 1159 facilins
918 1098 1120 1168 escenderent,
1131 1119 1155 1162 so

140 1187 288 1248 interdum
302 1184 418 1245 timidos
440 1182 594 1245 insolentia
614 1183 725 1243 itineris
738 1180 836 1243 levare
851 1197 955 1243 manu:
969 1179 1020 1243 ubi
1034 1180 1123 1257 paulo

141 1271 273 1347 asperior
290 1267 447 1329 adscensus
466 1275 544 1336 erat,
565 1263 695 1342 singulos
711 1281 784 1343 prae
797 1282 830 1326 se
847 1266 976 1339 inermes
994 1264 1122 1334 mittere,

141 1352 247 1414 deinde
262 1353 324 1429 ipse
340 1370 408 1412 cum
422 1348 541 1412 illorum
554 1350 643 1410 armis
657 1348 756 1426 sequi:
771 1366 846 1429 quae
861 1347 950 1409 dubia
963 1347 1030 1408 nisu
1043 1346 1124 1409 vide·

141 1436 258 1506 bantur,
275 1435 452 1514 potissumus
465 1441 619 1512 temptare,
635 1451 670 1493 ec
687 1431 802 1509 saepius
816 1431 919 1492 eadem
940 1429 1124 1496 adscendens

142 1518 396 1595 descendensque,
425 1517 491 1578 dein
513 1518 608 1578 statim
635 1515 816 1594 digrediens,
839 1515 943 1576 ceteris
972 1513 1124 1575 audaciam
1134 1536 1157 1578 is

117 1602 260 1668 aadderc.
290 1599 381 1678 Igitur
396 1599 446 1660 diu
460 1598 643 1677 multumque
663 1598 774 1676 fatigati
790 1597 908 1665 tandem
922 1599 952 1658 in
973 1595 1125 1658 castellum

141 1684 324 1761 perveniunt,
347 1682 496 1742 desertum
517 1681 553 1742 ab
574 1699 607 1742 ea
621 1691 713 1758 parte,
738 1681 817 1760 quod
839 1698 949 1751 omnes,
966 1681 1041 1741 sicut
1060 1678 1126 1740 aliis

143 1765 261 1835 diebus,
285 1764 442 1826 advorsum
464 1764 555 1824 hostis
576 1763 705 1825 aderant.
749 1763 858 1825 Marius
884 1762 936 1825 ubi
957 1782 993 1825 ex
1013 1763 1126 1824 nuntiis

143 1867 219 1928 quae
239 1849 329 1925 Ligus
354 1856 455 1925 egerat
475 1849 623 1925 cognorit,
648 1865 824 1926 quamquam
845 1854 906 1908 toto
928 1847 975 1908 die
996 1847 1125 1926 intentes

141 1931 253 2012 proelio
275 1931 414 1994 Numidas
434 1929 591 1999 habuerat,
613 1938 763 1991 tumuere
785 1931 954 1992 cohortatus
968 1928 1074 1990 milites
1096 1937 1157 1994 etse

141 2020 204 2095 ipse
234 2022 316 2076 extra
343 2016 443 2073 vineas
471 2030 622 2088 egressus,
652 2015 802 2075 testudine
829 2021 894 2074 ecta
915 2014 1074 2075 succedere
1095 2019 1126 2074 et

142 2099 229 2160 simul
241 2099 356 2160 hostem
370 2097 523 2158 tormentis
535 2096 747 2175 sagittariisque
763 2104 791 2157 et
802 2095 999 2158 funditoribus
1011 2097 1125 2158 eminus

116 2191 265 2242 eterrere.
303 2183 339 2241 nt
359 2179 501 2241 Numidae
521 2196 608 2257 saepe
623 2187 707 2241 antea
729 2180 819 2240 vineis
832 2179 1034 2242 Romanorum
1053 2178 1123 2240 sub·

142 2265 249 2334 vorsis,
269 2265 339 2325 item
356 2264 482 2325 incensis
496 2280 557 2323 non
571 2261 680 2324 castelli
694 2262 849 2325 moenibus
862 2282 927 2327 sese
941 2262 1122 2333 tutabantur,

142 2355 186 2408 set
207 2365 262 2426 pro
281 2365 367 2408 muro
390 2347 451 2408 dies
467 2348 620 2416 noctisque
637 2347 759 2425 agitare,
782 2346 970 2409 maledicere
984 2346 1157 2408 Romanisss

142 2431 277 2494 acllario
292 2430 478 2492 vaecordiam
502 2429 663 2500 oblectare,
682 2429 821 2491 militibus
842 2433 949 2492 nostris
963 2429 1124 2508 Iugurthae

116 2514 292 2575 oservitium
306 2515 425 2583 minari,
441 2513 577 2575 secundis
590 2513 681 2575 rebus
695 2513 810 2575 feroces
826 2531 899 2577 esse.
923 2513 1044 2576 Interim
1060 2532 1123 2575 om·

140 2596 236 2666 nibus,
254 2596 393 2658 Romanis
407 2595 612 2676 hostibusque,
627 2596 740 2676 proelio
755 2598 882 2667 intentis,
896 2615 1003 2676 magua
1020 2599 1123 2660 utrim-

141 2698 198 2757 que
212 2681 241 2739 ri
253 2697 309 2757 pro
324 2678 417 2757 gloria
431 2689 518 2759 atque
528 2683 657 2762 imperio
664 2680 718 2750 his,
733 2678 789 2740 illis
807 2697 863 2759 pro
878 2679 971 2742 salute
986 2681 1123 2743 certanti·

140 2760 205 2831 bus,
227 2769 351 2839 repente
372 2781 389 2822 e
410 2773 492 2842 tergo
512 2766 596 2841 signa
616 2780 738 2823 canere:
761 2780 795 2823 ac
816 2766 912 2842 primo
933 2764 1072 2827 mulieres
1095 2772 1157 2831 etse

139 2846 238 2922 pueri,
262 2846 313 2925 qui
326 2847 650 2925 visumprocesserant,
673 2846 793 2924 sugere,
817 2847 922 2911 deinde
943 2850 986 2910 uti
1000 2849 1124 2927 quisque

140 2946 225 2989 mure
240 2946 403 3007 proxumus
419 2940 489 3002 erat,
505 2937 654 3009 postremo
677 2931 783 3001 cuncti,
803 2934 907 2994 armati
926 2933 1122 3009 inermesque.

113 3011 226 3083 cQuod
248 3012 299 3074 ubi
327 3014 445 3085 accidit,
469 3033 504 3077 eo
526 3014 622 3075 acrius
641 3011 767 3075 Romani
788 3017 913 3087 instare,
942 3015 1065 3077 lrmdere
1087 3032 1124 3076 ac

140 3094 298 3176 plerosque
324 3106 438 3160 tantum
463 3097 551 3159 mede
573 3098 721 3168 sauciare,
750 3098 817 3161 dein
837 3119 928 3180 super
956 3100 1123 3161 occisorum

143 3196 269 3259 corpora
284 3183 404 3252 vadere,
425 3181 499 3243 avidi
511 3180 622 3260 gloriae
637 3190 783 3244 certantes
797 3203 916 3247 murum
928 3190 1045 3262 petere,
1068 3201 1122 3246 ne·
1131 3207 1157 3249 ss

113 3270 198 3341 tque
213 3283 389 3345 quemquam
403 3266 533 3327 emnium
549 3266 660 3345 praeda
675 3269 793 3329 morari.
829 3268 877 3329 Sic
892 3266 968 3328 forte
982 3276 1121 3330 conrecta

140 3343 213 3408 Mari
235 3351 382 3412 temeritas
403 3349 525 3430 gloriam
548 3368 585 3411 ex
607 3349 693 3429 culpa
713 3353 830 3413 invenit

90 3429 130 3490 95
226 3431 362 3496 Ceterum
383 3434 452 3496 dum
473 3453 508 3496 ea
527 3451 577 3495 res
598 3435 725 3513 geritur,
748 3437 780 3498 L.
796 3433 875 3498 Sulla
897 3441 1033 3516 quaester
1053 3453 1122 3499 cum
