2422 3854
132 210 189 268 tta
399 223 584 279 oeemcuns
606 223 648 264 nn
666 223 847 266 uersuum.

128 384 192 436 tur:
223 373 281 434 iam
303 370 366 439 uta,
399 387 475 448 quae
496 371 630 431 socordia
652 379 756 430 restra
770 368 901 430 conlecta
925 377 1008 440 sunt,
1037 368 1110 431 dila-

128 456 245 518 heutur.

77 561 110 610 22
213 537 276 608 Qua
298 554 335 597 re
356 537 404 596 ita·
425 553 548 601 censeo:
579 537 716 614 queniam
742 536 780 595 iis
803 537 929 616 Lepidus
948 537 1110 599 exercitum

128 625 241 703 priuato
270 618 390 682 milio
417 626 551 697 μιιιιιιιι
580 638 648 681 cnm
674 621 822 697 pessumis
847 627 882 681 et.
902 618 1036 680 hostium
1065 621 1111 681 rei

128 706 264 785 publicae
280 703 482 765 contrahuius
497 703 607 764 aedmis
619 704 826 765 auctentum
839 703 998 765 admatha!
1019 703 1109 773 ducit,
1124 724 1137 764 ι

128 791 170 850 uti
198 789 308 868 tepus
330 786 466 849 decens
488 788 626 848 interrex·
647 805 714 848 cum
735 787 769 859 Ο.
793 786 893 848 Getulo
911 804 975 865 pror
990 786 1111 848 consule

129 881 160 934 et
171 874 279 934 ceteris
288 869 562 952 quibusimperium
572 877 623 932 esti
636 870 711 931 urbi
726 870 880 948 praesidis
890 872 957 940 sint
975 887 1108 951 egeram-

129 975 188 1036 que
208 957 277 1017 dent
298 973 337 1015 ne
358 954 433 1032 quid
449 953 629 1032 respublica
645 954 820 1023 detrimenu
834 955 938 1032 ueniat

196 1141 296 1202 Oratio
319 1140 352 1198 d.
377 1138 474 1198 Cottae
492 1140 620 1198 coemite
641 1138 685 1197 ad
706 1140 849 1213 poputum
869 1137 1044 1198 Romanum.
1120 1144 1145 1184 ¹⁰

93 1305 118 1355 1·
212 1289 347 1359 Quirites,
369 1287 460 1349 murita
479 1289 553 1349 miin'
564 1288 695 1366 periurus
710 1290 788 1350 domi
807 1289 997 1370 militiaeque,
1017 1287 1110 1349 muita

128 1373 249 1436 advorsa
266 1372 358 1443 fuere,
375 1389 500 1452 querum
515 1371 572 1433 alie
585 1371 714 1444 teieravi,
729 1374 843 1452 perum·
852 1372 969 1453 reppuli
986 1373 1110 1435 deorum

129 1457 241 1520 auxiliis
263 1463 292 1519 et
306 1457 511 1518 virtute-raca:
533 1457 977 1538 nequuemnibuenemquam
994 1457 1110 1519 animus

128 1543 245 1619 negotio
263 1539 363 1611 detuit,
390 1558 491 1619 neque
507 1540 752 1602 decretis-lebes:
780 1541 873 1611 malae
903 1540 1110 1619 secundaeque
1119 1558 1145 1600 ιι

94 1633 112 1683 2
128 1643 180 1686 res
199 1640 285 1702 opes,
311 1640 371 1685 nen
391 1624 541 1700 ingenium
561 1624 642 1685 mihi
654 1625 815 1687 mutabunt.
831 1628 874 1686 nc
886 1633 990 1687 centra
1009 1626 1039 1685 ιιι
1061 1623 1108 1683 his

129 1708 253 1771 miseriis
274 1715 379 1767 cuncta
399 1725 452 1767 me
468 1722 535 1768 cum
557 1707 681 1770 terune
697 1710 862 1773 desmuere.
882 1709 1039 1771 Praeterea
1060 1723 1108 1767 se·

128 1800 245 1860 nectus,
277 1808 333 1870 per
360 1807 401 1851 se·
419 1792 530 1868 gravier
554 1808 656 1852 curam
684 1792 826 1872 duplicat,
850 1794 904 1855 cui
918 1793 1026 1854 misere
1045 1797 1110 1851 aeta

95 1876 186 1936 siam
204 1881 358 1936 aetatene
369 1882 495 1935 mertem
507 1876 625 1953 quidem
637 1875 795 1938 honestem
805 1892 925 1955 sperare
932 1876 1015 1937 iicet.
1034 1874 1110 1935 uam

129 1959 153 2019 si
174 1959 308 2037 paricida
321 1959 411 2018 vostri
427 1976 494 2020 sum
507 1959 596 2020 ethis
612 1960 787 2038 genitushic
804 1960 875 2020 deos
890 1960 1015 2038 penatis
1026 1957 1146 2019 macero

128 2043 320 2120 patriamque
327 2049 358 2102 et
380 2058 533 2104 summam
547 2047 714 2123 imperium
722 2043 794 2104 vilia
810 2043 921 2114 hahes,
951 2043 1015 2122 qriis
1037 2041 1110 2102 mihi

130 2126 194 2185 vive
221 2127 371 2185 cruciatus
396 2127 465 2189 satia
490 2133 536 2187 est
561 2135 618 2187 aut
637 2146 711 2207 quae
737 2145 832 2204 poena
865 2127 1002 2188 mortue?
1038 2127 1109 2223 quin

129 2208 225 2268 emnia
247 2214 415 2268 memorata
431 2209 510 2289 apud
533 2211 651 2272 interes·
664 2211 811 2290 subpiieie
807 2210 942 2272 scelere
939 2227 1021 2270 meo
1043 2209 1108 2270 vici.

94 2292 265 2369 reprime
294 2290 526 2355 adulescentia
517 2312 547 2354 ιιι
577 2312 629 2356 ere
647 2303 746 2356 uestro
764 2296 893 2373 privates
916 2302 953 2355 et
965 2295 996 2354 in
1015 2294 1108 2370 magi·

129 2374 267 2436 stratibus
289 2376 350 2452 egi.
378 2377 428 2454 qui
448 2377 565 2455 lingua,
597 2380 656 2458 qai
669 2377 788 2440 coasilio
808 2397 891 2448 mee,
913 2379 963 2456 qui
983 2377 1143 2456 pecuniam

128 2457 261 2529 voluere,
291 2460 336 2519 usi
357 2469 440 2520 sunt:
467 2479 564 2541 neque
591 2479 655 2539 ego·
669 2463 802 2524 callidam
822 2462 1110 2539 facundiammeque

128 2543 275 2619 ingenium
289 2541 414 2604 murale
426 2544 600 2606 faciundum
616 2549 749 2609 exercui:
769 2546 960 2607 avidissumus
978 2545 1109 2622 privatae

128 2710 220 2769 victus
243 2729 309 2772 eum
331 2709 379 2771 illa
402 2710 496 2781 simul,
510 2731 577 2773 cum
599 2730 690 2791 egens
710 2711 821 2774 alienae
840 2714 903 2790 opis
924 2710 1011 2790 plura
1033 2711 1109 2772 mala

130 2801 330 2870 expectarem,
360 2812 425 2865 ves,
449 2793 584 2867 Quirites,
609 2813 713 2857 rursus
735 2795 806 2856 mihi
826 2796 952 2875 patriam
977 2796 1144 2874 deasque-se

95 2882 112 2934 ι
128 2878 241 2953 penatis
261 2895 327 2938 cum
344 2879 454 2955 ingenti
474 2879 613 2958 dignitate
632 2879 760 2941 dedistis
779 2879 838 2942 Pro
850 2878 1110 2960 quibus-benificiis

128 2960 262 3021 vineatis
281 2967 383 3038 gratas
403 2962 511 3032 videare
534 2964 559 3023 si
575 2962 697 3040 singulis
719 2965 854 3036 animam,
879 2981 967 3044 quem
981 2978 1107 3040 nequeo,

129 3046 333 3106 concesserim.
352 3045 426 3110 Nam
441 3047 497 3106 vita
512 3054 542 3107 et
560 3065 641 3107 mors
662 3049 726 3108 iura
745 3055 867 3110 naturae
888 3055 971 3108 sunt:
994 3053 1028 3106 ut
1045 3047 1109 3108 siae

129 3127 273 3190 dedecore
286 3147 354 3191 cum
366 3129 476 3191 ciuibus
487 3129 564 3190 fama
581 3138 610 3192 et
619 3130 746 3193 fortunis
761 3132 874 3211 integer
887 3148 964 3209 agas,
985 3130 1015 3190 id
1030 3129 1108 3191 dorm

10 3267 11 3271 ,
130 3211 215 3273 datur
236 3221 324 3292 atque
346 3215 496 3292 accipitur.

94 3312 112 3362 u
214 3296 354 3358 Consules
375 3315 430 3358 nos
457 3295 580 3373 fecistis,
603 3299 744 3370 Quirites,
780 3301 859 3360 demi
877 3295 1033 3375 bellique
1024 3314 1107 3374 mpe-

131 3379 279 3441 ditissume
290 3398 325 3442 re
341 3381 467 3461 publica.
482 3380 614 3462 Namque
628 3381 982 3464 imperatoresflispaniae
993 3380 1107 3459 stipen-

130 3461 213 3525 dium
237 3463 357 3535 milites,
381 3483 462 3527 arma
482 3465 664 3530 iiumentum
685 3472 826 3547 poscunt·
856 3471 885 3526 et
903 3464 939 3526 id
954 3481 1005 3526 res
1018 3466 1109 3544 cogit,
