2422 3854
311 209 355 253 nn
375 208 479 253 annno
502 207 704 253 rusvernmo
726 201 816 258 179.
836 203 881 257 80.
1048 194 1088 257 85

106 375 144 420 ne
158 375 227 418 mcx
241 358 333 418 victas
353 357 537 435 victoresque
558 359 688 420 defessos
709 357 782 421 alius
797 359 1017 436 adgrederetur,
1035 378 1089 439 per

106 440 232 504 indutias
247 440 442 517 sponsionem.
453 440 578 512 iaciunt,
600 443 644 503 uti
660 449 742 503 certo
756 442 803 503 die
816 439 904 519 legati
917 444 1005 504 domo
1019 461 1089 522 pro·

105 525 323 585 fleiscerentur:
340 541 398 602 quo
414 524 444 584 in
456 522 523 585 loco
537 526 614 586 inter
629 523 753 586 se-ohvii
764 524 896 596 luissent,
912 527 938 588 is
956 545 1088 588 commu·

105 608 152 667 nis
165 607 319 685 utriusque
334 605 436 685 populi
449 607 516 669 linis
534 608 703 669 haberetur.
736 608 827 686 Igitur
839 608 1014 686 Carthagine
1029 610 1087 671 dno
1097 616 1125 671 1-

83 688 213 754 11111111
227 690 316 760 musi,
331 689 441 768 quihus
454 707 562 753 nomen
580 690 727 753 Philaenis
742 700 813 760 erat,
828 699 1013 756 maturavere
1033 695 1102 754 iter¹

105 789 246 852 pergere:
269 770 452 836 Curenenses
472 774 584 837 tardius
607 776 679 837 iere.
722 774 756 836 ld
772 776 946 838 socordiane
965 795 1002 838 an
1018 794 1087 838 casu

105 856 252 927 acciderit,
273 874 380 936 parum
401 859 533 935 cognovi.
567 857 704 921 Ceterum
722 856 797 918 solet
811 859 841 918 in
856 858 911 919 illis
925 857 998 920 locis
1015 867 1114 923 tem-c

104 947 202 1019 pestes
221 939 294 1002 haut
312 957 398 1003 secus
419 947 507 1020 atque
532 943 562 1004 in
583 943 658 1004 mari
680 943 819 1004 retinere.
869 941 942 1003 Nam
963 942 1015 1003 ubi
1035 960 1089 1020 per

104 1024 170 1087 loca
191 1022 323 1104 aequalia
344 1031 373 1088 et
393 1025 472 1088 nuda
487 1027 669 1104 gignentium
689 1031 793 1088 ventus
815 1032 934 1086 coortus
947 1025 1089 1087 herenam

73 1127 97 1169 11
105 1107 197 1170 humo
215 1109 356 1180 excitavit,
380 1127 415 1171 ea
433 1126 540 1186 magna
554 1112 582 1171 ri
597 1111 703 1188 agitata
718 1127 771 1171 ora
793 1108 953 1187 oculosque
974 1108 1089 1187 inplere

105 1191 188 1261 solet,
210 1193 250 1253 ita
268 1199 428 1272 prospectu
445 1194 574 1271 inpedito
589 1196 700 1256 morari
721 1196 785 1255 iter.
822 1191 981 1271 Postquam
998 1193 1114 1256 Cure-⁷

105 1291 212 1336 nenses
227 1273 375 1352 aliquante
392 1278 571 1353 posteriores
589 1294 621 1337 se
641 1294 706 1339 esse
724 1277 823 1338 vident
843 1282 873 1337 et
887 1276 924 1337 ob
938 1294 1004 1339 rem
1019 1293 1089 1338 con·
1194 1355 1198 1359 Ι

105 1363 224 1434 ruptam
234 1357 314 1417 domi
324 1373 435 1436 poenas
447 1365 591 1427 metuunt,
606 1359 755 1419 criminari
765 1358 1010 1436 Carthaginiensis
1021 1368 1090 1422 autc

105 1449 222 1520 tempus
232 1440 320 1502 domo
331 1440 487 1519 1111111111,
495 1441 752 1509 conturbarerem
759 1440 886 1519 denique
896 1444 992 1504 omnia
1003 1441 1090 1504 malle

73 1547 97 1587 11
107 1542 195 1604 mam
210 1524 278 1585 victi
292 1521 383 1586 abire.
406 1524 458 1585 Set
472 1543 541 1587 cum
551 1525 641 1587 Poeni
655 1525 741 1587 aliam
757 1524 962 1594 conditionem,
976 1532 1115 1588 tantuma

106 1607 195 1670 modo
210 1624 347 1686 aequam,
363 1613 513 1686 peterent,
529 1608 635 1670 Graeci
646 1608 795 1688 optionem
809 1607 1090 1686 Carthaginiensium

107 1691 230 1760 iaciunt,
253 1697 287 1751 ut
299 1691 345 1752 vel
362 1691 416 1761 illi,
440 1709 514 1772 quos
529 1692 595 1753 linis
614 1691 724 1772 populo
746 1709 800 1753 suo
814 1699 958 1769 peterent,
981 1691 1023 1754 ihi
1036 1695 1091 1755 uiri

108 1774 323 1844 obruerentur,
344 1775 391 1836 vel
418 1776 521 1837 eadem
549 1775 713 1837 conditione
740 1791 805 1837 sese
828 1777 967 1853 quem-in
991 1774 1091 1837 locum
1113 1808 1132 1836 .-

109 1856 215 1918 vellent
231 1873 433 1934 processuros.
473 1856 605 1919 Philaeni
624 1859 788 1920 conditione
802 1859 926 1936 probata
940 1876 1031 1937 seque
1049 1861 1117 1921 vit

73 1947 227 2019 numque
254 1957 338 2002 suam
365 1943 409 2003 rei
437 1941 573 2020 publicae
586 1942 815 2004 *condonaverez
838 1943 876 2001 ita
898 1943 954 2002 vivi
981 1941 1088 2004 obruti.

106 2023 358 2101 Carthaginienses
383 2026 414 2086 in
441 2043 475 2087 eo
501 2025 567 2088 loco
589 2023 734 2087 Philaenis
759 2023 899 2087 iratribus
930 2043 997 2086 aras
1018 2035 1132 2088 con-10

106 2125 273 2250 1111111111.
291 2108 397 2188 aliique
408 2109 464 2170 illis
479 2110 557 2171 domi
572 2109 700 2171 honores
714 2110 844 2171 instituti.
871 2108 957 2171 Nunc
971 2109 1008 2170 ad
1024 2128 1088 2172 rem

106 2208 138 2251 re
161 2209 205 2251 eo.

191 2274 331 2351 Iugurtha
345 2281 499 2354 postquam
511 2278 615 2337 amissa
625 2275 717 2337 Thala
727 2276 800 2357 nihil
812 2279 881 2337 satis
891 2277 1010 2337 hrnrum
1021 2295 1091 2337 corr·
1100 2277 1141 2342 80

72 2382 98 2424 es
107 2365 153 2418 tra
167 2356 315 2418 Metellum
328 2363 419 2434 putat,
437 2375 491 2436 per
503 2374 625 2434 magnas
638 2358 808 2420 solitudines
823 2375 892 2419 cum
906 2360 1007 2435 paucis
1021 2377 1090 2436 pro·

46 2463 48 2467 ⁴
108 2440 202 2503 fectus
215 2441 349 2519 pervenit
369 2441 414 2522 ad
428 2441 575 2510 Gaetulos,
598 2457 692 2517 genus
706 2440 858 2502 homiuum
880 2441 977 2502 ieram
997 2442 1091 2502 incul-

108 2532 229 2603 tumque
252 2530 281 2586 et
303 2541 339 2587 eo
359 2530 492 2603 tempore
513 2526 648 2601 ignarum
668 2525 794 2585 nominis
811 2523 943 2585 Romani.
978 2524 1116 2588 Eoruma

107 2607 323 2671 multitudinem
336 2609 368 2669 in
381 2626 476 2670 unum
490 2609 569 2685 cogit
581 2626 616 2670 ac
625 2607 764 2687 paullatim
779 2608 957 2670 consuefacit
972 2607 1091 2669 ordines

108 2691 228 2761 hahere,
250 2693 331 2769 signa
346 2693 438 2772 1111111,
446 2693 604 2770 imperium
620 2692 786 2760 ohservare,
801 2693 871 2753 item
885 2691 940 2751 alia
954 2690 1090 2753 militaria

72 2775 216 2841 sefacere.
256 2774 412 2839 Praeterea
434 2777 512 2854 regis
528 2776 638 2838 Bocchi
664 2791 826 2854 proxumos
851 2776 965 2852 magnis
986 2785 1116 2837 munet

108 2859 191 2921 ribus
213 2866 243 2921 et
256 2859 416 2921 maioribus
436 2860 586 2938 promissis
601 2860 638 2923 ad
651 2859 780 2921 studium
790 2859 836 2920 sui
851 2859 1000 2936 perducit,
1027 2860 1091 2938 quis

109 2943 290 3005 adiutoribus
310 2959 412 3019 regem
434 2943 590 3020 adgressus
610 2942 736 3021 inpellit,
765 2944 809 3004 uti
824 2942 964 3005 advorsus
981 2942 1090 3002 Boma-

109 3045 166 3088 nos
184 3026 296 3089 bellum
310 3027 436 3105 incipiat.
481 3027 565 3089 Idea
586 3030 678 3104 gratia
699 3024 811 3089 facilius
831 3027 1013 3105 proniusque
1027 3023 1119 3092 inite

109 3111 189 3190 quod
209 3110 345 3172 Bocchus
364 3111 445 3171 initio
466 3110 588 3172 huiusce
609 3110 678 3172 belli
699 3109 810 3186 legatos
826 3109 950 3170 Romam
972 3107 1092 3166 miserat

74 3193 213 3259 ssioedus
235 3194 264 3257 et
286 3195 442 3255 amicitiam
462 3197 599 3274 petitum:
621 3210 709 3274 quam
725 3211 788 3254 rem
803 3191 1116 3271 opportunissumama

108 3280 225 3359 incepto
239 3276 318 3340 hello
334 3280 420 3356 pauci
435 3279 645 3358 inpediverant,
663 3281 742 3341 caeci
760 3277 887 3343 avaritia,
905 3275 969 3352 quis
984 3275 1090 3343 omnia,

107 3362 230 3424 honesta
254 3370 341 3442 atque
359 3362 528 3431 inhonesta,
549 3362 759 3423 venderemus
781 3366 852 3421 1111.
890 3356 985 3419 Etiam
1006 3363 1117 3420 anteat

108 3445 267 3524 Iugurthae
278 3445 336 3506 fllia
350 3446 631 3525 Bocchonupserat.
654 3444 763 3505 Verum
774 3460 808 3503 ea
818 3440 1003 3503 necessitudo
1013 3441 1093 3519 apud

35 3605 43 3614 ·
108 3528 250 3590 Nrrmidas
266 3528 444 3609 Maurosque
465 3529 535 3592 levis
551 3527 676 3592 duc‘tur.
696 3528 762 3605 quia
777 3523 893 3602 singuli,
915 3541 970 3602 pro
987 3523 1093 3601 opibus
