2422 3854
147 208 189 271 34
294 226 339 271 un
358 225 531 271 sermnem
555 223 798 270 destruemus
822 225 851 269 u.
866 216 914 272 tl.
934 216 979 271 58.

132 333 273 446 *sidebet
296 393 333 436 ex
350 372 517 436 difficultate
533 391 636 435 rerum
653 375 755 437 eedem
771 373 820 435 ille
836 374 1029 444 existumans,
1054 391 1132 454 quae
1207 446 1209 451 ,

117 474 235 538 esupra
258 459 398 529 diximus,
420 457 572 519 Catilinam
590 459 710 536 agitare.
753 457 846 536 Igitur
864 457 916 518 ubi
929 459 985 519 iter
1006 459 1071 519 eins
1093 477 1132 522 ex

145 543 278 622 perfugis
293 543 438 620 cognovit,
455 547 552 602 casim
572 558 700 620 propere
721 542 861 602 meritae
882 540 937 602 sub
958 542 1029 618 ipsis
1049 545 1131 606 radi·

146 626 229 688 cibus
245 627 390 687 montium
410 625 555 696 censedit,
578 643 636 704 que
653 625 694 686 illi
709 625 867 687 descensus
880 632 946 686 erat
959 626 989 686 in
1006 625 1132 688 Gelliam

118 711 324 788 tproperanti.
347 709 449 788 Neque
461 716 559 771 umen
568 709 711 771 Antoniis
721 706 826 787 procul
837 708 948 775 uberet.
960 715 1062 788 utpute
1080 713 1159 791 quie

145 811 252 872 magno
267 794 398 855 exercitu
411 792 484 855 loeis
497 792 685 872 aequioribus
700 792 835 870 expedito
853 795 1003 838 ******
1019 795 1050 854 in
1060 795 1131 873 iuga

119 884 328 956 esequeretnr.
353 877 406 938 Set
419 877 540 938 Catilina
553 882 709 955 postquam
722 875 801 936 videt
813 875 963 938 montibus
977 883 1065 956 etque
1079 895 1131 938 eo·

144 962 201 1040 piis
212 962 340 1023 hostium
350 978 416 1022 sese
428 960 569 1028 clausum,
580 960 611 1020 in
621 959 696 1021 urbe
705 975 754 1020 res
764 959 917 1029 advorsus,
930 977 1028 1040 neque
1042 959 1131 1039 ingre

143 1062 241 1123 neque
258 1044 386 1122 praesidi
398 1043 488 1104 ullam
501 1061 594 1120 spem,
616 1050 768 1120 optumum
789 1043 868 1104 iectu
884 1049 966 1105 ratus
981 1047 1011 1105 in
1029 1043 1080 1105 teli
1095 1061 1131 1106 re

145 1128 293 1189 fortunam
307 1126 378 1188 belli
394 1127 657 1205 temptare,statuit
670 1145 738 1189 eum
754 1126 879 1187 Antonio
896 1145 984 1206 quam
999 1131 1163 1207 primumn
1202 1118 1209 1129 '

145 1210 314 1354 coniliggie.
355 1211 457 1289 ltaque
472 1211 610 1272 contione
624 1211 764 1272 advocate
781 1210 998 1273 huiuscemodi
1020 1214 1130 1273 oratio·

145 1294 255 1356 nemh
293 1295 349 1355 nit:

93 1389 135 1452 58
230 1377 419 1455 ‘Conpertum
440 1395 495 1457 ego
518 1377 630 1447 habeo,
659 1375 779 1449 milites,
801 1378 892 1440 verba
912 1380 1050 1441 virtutem
1070 1394 1132 1440 nou

145 1462 263 1532 addere,
280 1479 378 1539 neque
398 1479 435 1523 ex
453 1463 558 1540 ignavo
572 1470 725 1523 strenuum
741 1479 840 1541 neque
857 1463 965 1524 fortem
978 1478 1015 1524 ex
1028 1462 1131 1522 timido

118 1547 308 1616 sexercitnm
322 1547 454 1606 oratione
463 1545 639 1624 inperatoris
648 1546 722 1607 fleri.
744 1546 858 1618 Quanta
874 1547 1015 1625 cuiusque
1033 1547 1167 1607 animose

147 1629 268 1691 audacie
279 1633 385 1690 nature
397 1635 449 1689 eut
458 1627 592 1689 moribus
604 1629 689 1699 inest,
703 1635 783 1691 tante
793 1627 915 1689 inbelle
929 1635 1030 1707 petere
1041 1629 1130 1694 solet.

143 1713 238 1783 Quem
248 1728 346 1788 neque
356 1711 448 1790 glorie
459 1729 557 1790 neque
571 1712 702 1789 pericula
716 1713 852 1783 excitent,
867 1714 1045 1791 nequiquam
1059 1711 1134 1773 hor·

119 1801 224 1863 etere:
244 1797 333 1855 timor
355 1797 442 1856 enimi
464 1795 585 1857 emilius
600 1796 707 1858 obiicit.
741 1796 793 1858 Set
812 1813 867 1874 ego
887 1813 940 1856 ves
962 1812 1020 1876 quo
1036 1812 1133 1872 peuce

146 1895 300 1940 monerem
315 1879 460 1949 advocavi,
476 1879 563 1941 simul
577 1882 620 1941 uti
641 1899 760 1942 eausam
782 1882 842 1941 mei
856 1879 957 1941 consili
973 1881 1131 1956 aperirem.

118 1984 136 2032 4
230 1962 315 2024 Scitis
330 1962 475 2042 equidem,
493 1963 608 2032 milites,
630 1964 765 2024 socordia
782 1970 869 2042 etque
887 1963 1000 2039 ignaria
1015 1961 1168 2023 Lentulis

145 2053 287 2125 queniam,
301 2047 358 2123 ipsi
366 2046 511 2124 nobisque
523 2047 636 2108 cladem
650 2045 795 2115 adtulerit,
814 2062 931 2124 quoque
940 2045 1044 2115 modo,
1061 2046 1133 2106 dnm

148 2148 185 2190 ex
199 2131 272 2192 urbe
291 2133 439 2210 praesidia
453 2132 607 2212 obperior,
629 2133 661 2191 in
679 2129 803 2191 Galliam
823 2129 973 2205 proticisci
994 2132 1129 2205 nequire

117 2217 215 2284 erim.
258 2215 344 2277 Nunc
366 2235 436 2279 vero
457 2234 518 2296 que
538 2213 605 2276 leco
619 2232 668 2275 res
682 2219 803 2274 nestrae
817 2213 889 2282 sint,
912 2212 993 2273 iuxta
1014 2231 1135 2276 meeum

122 2314 249 2365 somnes
270 2301 444 2380 intellegitis.
485 2300 638 2361 Exercitus
657 2299 786 2360 hostium
804 2299 872 2370 duo,
897 2315 975 2360 unus
993 2298 1030 2360 sl)
1046 2298 1132 2387 urire,

148 2384 221 2446 alter
240 2403 256 2445 a
271 2383 362 2446 Gellia
380 2385 510 2446 obstant:
533 2383 641 2444 diutius
658 2385 689 2444 in
706 2385 752 2444 his
769 2383 841 2445 locis
855 2400 934 2453 esse,
954 2384 979 2443 si
995 2399 1167 2445 maxume»

148 2470 262 2530 animus
277 2469 367 2538 leret,
382 2469 522 2529 frumenti
538 2474 626 2546 atque
641 2468 764 2529 edurum
777 2485 879 2528 rerum
896 2472 1010 2544 egestus
1029 2467 1133 2546 prohi-

96 2551 213 2615 78bet:
229 2569 415 2631 quocumque
432 2552 476 2612 ire
491 2552 596 2630 placet,
612 2550 691 2613 ferro
707 2553 762 2612 iter
778 2550 972 2628 aperiundum
988 2558 1040 2612 est.
1070 2549 1135 2620 Qua

147 2642 270 2714 propter
285 2653 336 2696 vos
347 2651 467 2704 moneo,
483 2637 526 2696 uti
540 2635 612 2694 lorti
624 2641 711 2714 atque
725 2640 828 2711 persto
844 2635 941 2694 animo
952 2635 1013 2695 sitis
1025 2640 1054 2696 et
1066 2652 1136 2695 cum

147 2717 406 2799 preeliuminibitis
416 2718 606 2779 memineritis
617 2734 667 2776 vos
679 2717 790 2778 divitias
801 2717 890 2779 decus
902 2717 1034 2797 gloriam,
1046 2736 1134 2796 pree·

147 2806 229 2861 terea
257 2800 421 2862 libertatem
439 2809 526 2880 atque
553 2801 678 2878 petriam
702 2802 733 2861 in
748 2802 857 2864 dextris
875 2805 981 2864 vostris
1001 2808 1170 2881 portereau

124 2882 181 2950 esi
197 2884 354 2955 vincimus,
381 2886 478 2945 omnia
498 2884 584 2945 nohis
605 2890 668 2946 tutu
691 2892 791 2956 erunt,
814 2893 983 2949 conmeatus
1005 2883 1134 2956 abunde,

149 2967 306 3044 municipia
327 2973 414 3046 atque
436 2968 567 3031 coloniae
592 2967 750 3047 patebunt:
779 2971 823 3032 siu
844 2977 925 3032 metu
947 2968 1133 3040 cesserimus,

107 3070 140 3122 10
149 3051 252 3113 eedem
270 3049 317 3112 illa
339 3051 462 3115 advorsa
475 3053 560 3115 flent:
583 3070 680 3137 neque
697 3053 781 3116 loeus
811 3073 907 3134 neque
928 3053 1039 3112 amicus
1054 3054 1134 3131 quis·

106 3151 139 3202 11
151 3155 240 3216 qnam
258 3142 347 3213 teget,
371 3154 459 3216 quem
480 3156 561 3199 arma
576 3155 637 3199 non
652 3141 787 3200 texerint.
821 3140 992 3206 Praeterea,
1016 3136 1133 3207 milites,

148 3237 209 3283 nen
226 3220 329 3282 eadem
343 3220 429 3282 nobis
452 3229 481 3284 et
493 3222 549 3284 illis
562 3223 748 3285 necessitudo
763 3221 917 3301 inpendet:
938 3237 993 3281 nos
1008 3238 1064 3300 pro
1077 3238 1132 3300 pa·
1141 3237 1169 3278 es

148 3307 205 3366 tria
218 3322 275 3385 pro
290 3305 425 3368 libertate
440 3325 495 3386 pro
507 3309 563 3368 vite
579 3315 734 3378 certamus,
750 3305 806 3367 illis
823 3322 1074 3383 supervacaneum
1089 3312 1135 3367 est

89 3484 134 3530 12
147 3408 202 3471 pro
225 3399 840 3563 &ligngzadpcaiffiffie{memes
853 3477 993 3556 pristinae
1006 3474 1132 3536 virtutis.
