2422 3854
129 197 171 260 82
311 217 354 259 ns
377 215 481 259 nanno
501 214 703 261 rvevnnnsuo
727 215 755 261 ι.
773 208 816 264 ts
834 207 878 264 74.
898 209 941 265 ιι.

102 366 203 428 ellari
222 366 360 428 virtutem
377 363 408 422 in
428 362 523 423 maius
541 364 702 427 celebrare.
742 365 874 444 Denique
887 365 990 444 plebes
1012 371 1118 433 arcad

130 467 232 520 censa,
254 450 298 509 uti
316 446 435 527 opifices
457 453 647 528 agrestesque
668 465 785 518 omnes,
809 465 936 527 quorum
957 468 1007 512 res
1027 453 1117 515 fides·

130 552 188 615 que
207 535 237 594 in
254 531 391 593 manibus
412 532 484 591 sitae
501 538 593 601 crant,
610 530 719 593 relictis
734 531 874 610 operibus
892 532 1118 613 frequentarent

129 617 253 678 Marium
266 622 296 676 et
311 632 363 676 sua
380 615 546 676 neccssaria
561 621 629 695 post
641 613 718 677 illius
732 615 876 677 honorem
891 617 1043 680 ducerent.
1070 620 1116 683 lta

129 699 265 779 perculsa
277 697 428 760 nobrlrtate
437 704 504 776 post
513 697 620 761 multas
630 704 818 778 tempestates
826 714 904 760 novo
915 699 1028 763 homini
1042 721 1114 766 con·
1123 724 1137 764 ι

105 783 241 844 ιιιιιιιιιι
260 782 430 844 mandatur:
454 788 484 842 et
504 788 606 859 postea
629 782 757 860 populus
778 801 795 844 a
816 782 936 844 tribuno
958 785 1056 863 plebei
1077 788 1113 848 Τ.

129 866 235 928 Manlio
247 866 381 928 Mancino
394 870 524 942 rogauu,
539 882 627 944 quem
646 865 731 928 vellet
749 884 818 928 cum
838 865 981 945 Iugurtha
1001 868 1115 932 bellum

129 967 243 1029 gerere,
266 951 405 1028 nequens
422 947 547 1010 hiarium
568 949 659 1010 iussit.
694 949 745 1011 Set
766 948 854 1028 paulo
875 948 1039 987 *******
1059 954 1113 1016 de·

130 1039 276 1096 creverat:
297 1051 331 1094 ea
344 1049 394 1094 res
412 1030 523 1093 hustra
540 1031 603 1093 tuit.

79 1121 119 1180 74
214 1117 327 1178 Eodem
338 1122 472 1193 temporo
486 1114 627 1192 Iugurtha
641 1116 753 1177 amissis
767 1117 882 1187 amieis,
902 1135 1028 1197 quorum
1049 1120 1114 1199 ple·
1121 1138 1145 1181 u

128 1219 238 1279 rosque
252 1203 315 1279 ipse
330 1205 497 1267 necaverat,
517 1199 608 1260 aeteri
623 1199 801 1262 tormidine
807 1219 879 1282 pars
901 1203 939 1264 ad
959 1202 1113 1266 Romanos

129 1283 178 1345 alii
199 1284 236 1344 ad
258 1298 360 1361 regem
377 1281 529 1343 Bocchum
550 1281 758 1361 profugerant,
785 1300 853 1345 eum
875 1299 973 1363 neque
998 1284 1111 1346 bellum

129 1368 193 1445 geri
211 1368 274 1428 sine
288 1366 464 1427 administris
481 1373 580 1444 posset
596 1373 625 1427 et
640 1383 785 1428 novorum
799 1368 911 1429 fidem
902 1385 933 1428 m
949 1374 1030 1429 tanta
1040 1387 1110 1448 per·

128 1451 196 1513 lidia
206 1457 339 1513 veterum
351 1450 477 1528 experiri
494 1449 692 1528 periculosum
706 1450 837 1521 duceret,
853 1451 951 1512 varius
964 1452 1110 1514 incertus·

130 1553 188 1614 que
202 1533 337 1613 agitabat.
374 1533 476 1612 Neque
489 1531 531 1594 illi
544 1549 595 1594 res
608 1550 705 1612 nequo
720 1533 872 1595 eonsilium
890 1542 941 1596 aut
956 1537 1145 1614 quisquamst

129 1618 281 1679 hominum
299 1618 368 1678 satis
383 1615 531 1695 placebat:
549 1616 653 1678 ιιιιιιιι
669 1617 892 1696 praefectosque
913 1618 942 1678 in
963 1617 1026 1678 diss
1045 1637 1112 1681 mu·

128 1707 208 1771 tare,
231 1700 320 1761 modo
339 1699 495 1760 advorsum
509 1699 616 1769 hostis,
639 1701 786 1762 interdum
800 1702 831 1761 in
849 1698 1019 1762 solitudines
1040 1717 1112 1779 per·

129 1801 215 1862 gere,
243 1801 331 1862 saepe
356 1785 387 1844 in
407 1783 475 1860 iuga
491 1800 526 1844 aa
539 1789 606 1861 post
619 1783 708 1862 paulo
726 1786 755 1845 in
773 1801 862 1845 armus
883 1801 966 1862 spem
986 1782 1111 1855 habere,

129 1868 264 1930 dubitare
273 1868 370 1929 virtuti
387 1885 424 1928 an
437 1866 495 1929 ilde
511 1865 696 1946 popularirnn
709 1870 806 1929 minus
821 1867 968 1929 crederet:
981 1869 1021 1928 ita
1036 1886 1111 1948 quo·

103 1965 255 2032 acumque
270 1951 436 2013 intenderat
450 1968 499 2013 res
514 1950 654 2013 advorsae
669 1957 761 2012 erant.
790 1950 841 2012 Set
856 1952 933 2012 inter
947 1969 997 2012 eas
1010 1968 1143 2015 morasse

128 2043 251 2114 repente
270 2052 334 2096 sese
352 2033 485 2096 Metellus
506 2051 575 2096 cum
595 2036 725 2096 exercitu
747 2033 890 2095 ostendit:
913 2033 1056 2098 Numidae
1072 2035 1111 2098 alr

129 2118 269 2196 iugurtha
291 2135 345 2197 pro
365 2125 498 2196 tempore
518 2120 612 2197 parati
638 2119 846 2196 instructique,
874 2118 939 2180 dein
964 2118 1111 2196 proelium

307 2200 732 2348 ιιιιιιιιι
746 2201 1111 2365 ιι

128 2369 286 2449 fugatique.
308 2368 432 2431 Romani
446 2371 597 2446 signorum
611 2377 640 2432 et
654 2387 806 2431 armorum
816 2367 963 2448 aliquanto
973 2387 1108 2440 numero,
1117 2387 1142 2430 ιι

128 2452 255 2514 hostium
275 2470 438 2533 paucorum
457 2454 557 2533 potiti:
576 2470 645 2520 nam
665 2453 758 2516 sermo
776 2453 908 2514 Numidis
923 2454 953 2514 in
973 2453 1110 2516 omnihus

122 2535 246 2614 proeliis
267 2538 360 2614 magis
381 2536 472 2614 pedes
493 2554 581 2615 quam
597 2555 678 2598 arma
694 2543 755 2597 tnta
776 2543 853 2597 sunt.

77 2621 117 2679 75
211 2621 253 2682 Ea
275 2621 345 2698 iuga
367 2619 508 2697 iugurtha
522 2622 673 2699 inpensius
688 2620 777 2680 modo
791 2618 884 2680 rebus
896 2621 957 2681 suis
975 2620 1110 2684 diffidens

128 2721 195 2764 oum
211 2704 343 2784 perfugis
356 2710 385 2766 et
399 2710 483 2784 parte
498 2705 643 2783 equitatus
653 2704 684 2762 in
698 2701 883 2773 solitudines,
900 2703 968 2766 dein
985 2703 1109 2767 Thalam

126 2791 275 2866 pervenit,
301 2790 331 2848 in
358 2787 498 2866 oppidum
523 2802 663 2864 magnum
689 2792 777 2864 atque
803 2786 975 2865 opulentum
998 2788 1144 2869 utriquest

126 2870 260 2951 plerique
273 2871 429 2932 thensauri
446 2871 631 2949 filiorumque
649 2870 712 2930 aius
728 2869 838 2932 multus
857 2873 998 2950 pueritiae
1013 2871 1110 2933 cultus

99 2961 200 3017 serat
244 2954 325 3025 Quae
346 2959 501 3034 postquam
521 2953 636 3015 llatello
658 2961 798 3033 conperta
819 2962 902 3026 sunt,
931 2970 1110 3051 quamquam
1173 3021 1177 3028 ,

126 3040 203 3100 inter
219 3036 341 3098 Thalam
356 3037 525 3117 flumenque
537 3055 714 3116 proxumum
728 3039 759 3100 in
780 3040 873 3119 spatio
893 3036 1004 3100 milium
1023 3038 1109 3116 quin·

127 3123 264 3202 quaginta
285 3120 349 3183 loca
364 3121 445 3182 arida
459 3127 546 3201 atque
562 3128 641 3183 vasta
656 3139 720 3184 essa
736 3128 919 3201 cognoverat,
941 3130 1038 3182 tamen
1054 3138 1109 3200 spe

126 3207 261 3287 patrandi
274 3205 391 3277 belli,
368 3223 393 3266 ιι
408 3207 469 3267 eius
484 3206 582 3287 oppidi
600 3208 708 3286 potitus
724 3207 810 3277 foret,
828 3205 921 3266 omnis
936 3205 1108 3283 asperitates
1117 3224 1143 3269 ss

101 3292 323 3371 asuperuadere
344 3309 379 3354 ac
397 3296 532 3352 naturam
552 3292 638 3353 etiam
661 3293 778 3354 ιιιιιιι
793 3288 970 3366 adgreditur.
1014 3287 1108 3364 lgitau
1147 3306 1152 3318 ·

129 3377 225 3436 omnia
245 3379 373 3439 iumenta
395 3376 517 3438 sarcinis
537 3375 627 3438 levari
646 3376 736 3446 iubet,
758 3373 815 3435 nisi
828 3372 977 3435 frumento
992 3372 1108 3433 dierum

128 3459 240 3530 decem,
263 3468 394 3523 ceterum
415 3461 489 3522 utris
507 3461 595 3523 modo
618 3467 647 3521 et
667 3460 722 3522 alis
742 3475 837 3540 aquae
856 3458 960 3519 idonea
980 3457 1109 3537 portari:
