2422 3854
119 186 178 247 116
385 199 566 244 onnrronns
585 201 626 241 nr
650 199 829 244 nrrsronen

116 369 180 412 vern
193 347 342 428 publicam
352 346 418 408 iuso
429 347 588 423 sanguinet
603 348 710 412 Fessus
720 347 879 410 scribundo
891 343 1094 422 mittundoque

117 440 228 511 rogatos
250 432 343 492 omnis
364 447 435 509 opes
450 437 478 490 et
496 447 563 507 spes
585 435 711 509 privatas
730 449 810 492 meas
828 428 1003 508 consumpsi,
1026 443 1095 488 cum

117 518 234 578 interim
253 533 269 575 a
289 513 371 574 vobis
391 531 445 593 per
466 514 625 574 triennium
644 518 691 576 vix
718 532 832 576 annuus
854 518 987 591 sumptus
1010 510 1095 570 datus

84 605 170 667 aest.
190 598 248 660 Per
270 598 341 658 deos
360 595 533 665 inmortalis,
556 603 655 659 utrum
679 599 803 659 censetis
819 615 867 657 me
886 597 978 656 vicem
999 594 1096 654 aerari

117 690 276 762 praestare,
294 698 332 741 an
351 682 511 741 exercitum
529 681 593 741 sine
610 682 757 744 frumento
774 689 803 742 et
821 679 963 758 stipendio
984 676 1118 738 baberet

84 766 222 845 cpossel
260 764 402 842 Equidem
423 763 517 824 fateor
533 780 581 837 me
601 765 638 825 ad
660 763 845 825 bochellum
866 764 977 823 maiore
1000 760 1096 822 studio

118 866 206 928 quam
224 846 343 909 consilio
357 846 536 924 proiectum:
559 850 668 927 quippe
683 850 733 926 qui
753 849 871 908 nomine
893 843 980 904 modo
988 846 1097 923 imperi

118 952 135 992 a
155 931 237 992 vobis
259 939 379 1009 accepto
396 927 499 990 diebus
518 931 709 1008 quadraginta
731 931 891 992 exercitum
911 927 1019 1007 paravi,
1041 926 1095 986 bo·

118 1018 229 1093 stisque
257 1016 287 1074 in
310 1012 473 1074 cervicibus
498 1015 556 1072 iam
585 1013 683 1075 Italiae
710 1015 824 1090 agentis
849 1012 885 1073 ab
916 1010 1038 1089 Alpibus
1065 1011 1096 1070 in

118 1099 286 1175 Hispaniam
316 1095 457 1156 submovi.
498 1096 555 1155 Per
577 1113 626 1157 eas
647 1098 702 1156 iter
731 1097 809 1156 aliud
831 1103 919 1174 atque
940 1093 1096 1168 Hannibal,
1106 1109 1132 1150 10

85 1181 204 1251 anobis
214 1180 415 1257 opportunius,
432 1179 568 1258 patefeci.
592 1177 704 1254 Recepi
716 1175 839 1239 Galliam
849 1179 1096 1259 Pyrenaeumla·

120 1265 262 1326 oetaniam
280 1260 428 1339 Indigetis,
450 1268 479 1322 et
498 1263 626 1340 primum
643 1265 774 1341 inpetum
786 1263 899 1323 Sertori
912 1261 1029 1321 victoris
1042 1277 1096 1320 no·

118 1349 161 1406 vis
175 1344 314 1406 militibus
331 1350 360 1404 et
377 1344 468 1404 multo
484 1345 671 1423 paucioribus
690 1348 818 1408 sustinui
846 1345 1031 1423 hiememque
1049 1362 1097 1403 ca·

120 1431 187 1490 stris
214 1431 289 1490 inter
309 1430 502 1490 saevissumos
523 1429 623 1498 bostis,
650 1446 709 1489 non
736 1446 790 1506 per
815 1428 921 1506 oppida
942 1445 1040 1505 neque
1062 1445 1099 1487 ex

86 1512 277 1581 cambitione
294 1530 360 1572 mea
378 1516 433 1591 egi.
471 1510 546 1580 erid
572 1513 678 1574 deinde
698 1511 810 1591 proelia
832 1519 882 1572 aut
902 1511 1100 1589 expeditiones
1108 1528 1132 1568 n

120 1597 273 1665 hibernas,
304 1596 410 1674 oppida
438 1597 534 1656 excisa
558 1604 607 1656 aut
633 1603 751 1674 recepta
770 1595 960 1656 enumerem?
982 1594 1098 1673 quando

121 1697 170 1740 res
190 1678 256 1756 plus
275 1678 350 1737 valet
371 1695 459 1756 quam
481 1678 579 1739 verba.
619 1678 719 1739 Castra
742 1679 869 1738 bostium
891 1676 969 1755 apud
990 1677 1099 1737 Sucro-

121 1779 189 1822 nem
202 1768 285 1839 capta
300 1767 329 1822 et
344 1761 489 1839 proelium
508 1762 585 1839 apud
600 1762 710 1823 ilumen
726 1762 845 1822 Turiam
857 1767 886 1841 et
897 1761 956 1821 dux
970 1760 1098 1822 bostium

122 1844 329 1908 G.Herennius
344 1863 412 1906 cum
427 1843 502 1906 urbe
513 1844 641 1907 Valentia
656 1854 684 1906 et
695 1847 825 1907 exercitu
839 1842 927 1904 deleti
940 1845 1009 1904 satis
1020 1843 1100 1905 clara

122 1927 203 1988 vobis
216 1935 298 1988 sunt:
318 1946 373 2006 pro
395 1930 475 2007 quis,
499 1948 516 1988 o
533 1931 609 2005 grati
628 1936 736 2007 patres,
761 1934 919 2005 egestatem
941 1934 970 1987 et
991 1927 1135 1989 lamemao

121 2011 250 2072 redditis.
272 2011 374 2089 ltaque
389 2029 456 2073 meo
474 2020 502 2072 et
516 2012 643 2072 bostium
666 2013 806 2073 exercitui
824 2027 879 2089 par
892 2011 1018 2075 conditio
1040 2018 1099 2071 est:

88 2111 104 2160 '1
121 2111 248 2172 namque
267 2094 442 2169 stipendium
455 2097 552 2154 neutri
568 2095 668 2155 datur:
690 2096 782 2155 victor
802 2101 927 2172 uterque
940 2095 970 2154 in
989 2094 1100 2154 ltabanr

88 2177 222 2241 evenire
243 2183 347 2251 potest.
371 2175 456 2246 Quod
470 2193 525 2253 ego
540 2195 592 2237 vos
608 2195 714 2239 moneo
731 2196 899 2257 quaesoque
919 2185 953 2237 ut
972 2177 1100 2238 animad-

123 2260 250 2327 vortatis,
271 2275 329 2319 neu
349 2260 458 2336 cogatis
471 2261 692 2322 necessitatibus
703 2263 837 2340 privatim
851 2261 923 2322 mibi
936 2259 1098 2322 consulere.

89 2341 291 2420 oflispaniam
312 2344 493 2413 citeriorem,
517 2361 574 2423 qua
594 2363 655 2405 non
680 2344 716 2406 ab
740 2344 873 2406 bostibus
894 2351 1024 2415 tenetur,
1047 2361 1135 2405 nosos

124 2433 174 2486 aut
193 2426 340 2486 Sertorius
361 2426 399 2486 ad
424 2428 653 2490 internecionem
674 2430 847 2489 vastavimus
872 2434 990 2505 praeter
1013 2430 1102 2489 mari·

123 2516 219 2569 tumas
234 2510 369 2578 civitates,
387 2508 464 2570 ultro
479 2511 563 2572 nobis
580 2513 708 2590 sumptui
727 2513 876 2590 onerique.
906 2510 998 2572 Galba
1016 2529 1102 2590 supe·

123 2593 203 2652 riore
223 2609 300 2652 anno
323 2591 430 2653 Metelli
453 2595 613 2655 exercitum
634 2595 777 2672 stipendio
799 2593 1005 2672 frumentoque
1033 2594 1104 2656 aluit

125 2683 153 2734 et
173 2692 253 2735 nunc
273 2673 356 2735 malis
377 2674 520 2737 fructibus
541 2679 604 2756 ipsa
624 2679 671 2738 vix
693 2679 789 2754 agitat.
812 2676 875 2754 Ego
896 2693 957 2737 non
976 2696 1040 2741 rem
1059 2679 1102 2740 la·

77 2773 107 2826 10
124 2756 267 2819 miliarem
284 2758 381 2828 modo,
404 2763 607 2829 verumetiam
624 2760 712 2821 tidem
727 2762 905 2840 consumpsi.
927 2759 1040 2824 Relieui
1051 2779 1137 2822 vosoo

126 2841 213 2900 estis:
235 2842 285 2918 qui
305 2842 361 2901 nisi
375 2841 544 2914 subvenitis,
563 2845 651 2904 invito
679 2849 709 2904 et
735 2846 922 2922 praedicente
949 2863 997 2906 me
1018 2861 1103 2905 erer-

126 2924 200 2983 citus
220 2922 289 2984 binc
311 2931 340 2985 et
364 2943 431 2986 cum
459 2944 494 2987 eo
516 2945 603 2988 omne
628 2924 738 2988 bobum
766 2927 922 3008 Hispaniae
942 2930 971 2987 in
991 2925 1102 2988 ltaliam

127 3007 389 3084 transgredientur.

337 3141 438 3203 Oratio
457 3143 642 3205 Macritvib.
658 3146 739 3220 pleb.
761 3146 805 3205 od
817 3146 896 3221 pleb.
948 3205 950 3212 .

529 3241 574 3305 (n.
592 3243 634 3294 111
651 3241 704 3307 or).

94 3356 107 3408 1
194 3341 240 3402 ‘Si
278 3340 419 3411 Quirites,
441 3356 547 3420 parum
568 3344 796 3413 existumaretis,
834 3343 902 3421 quid
927 3343 1064 3404 interius
1086 3360 1138 3406 aar

126 3423 285 3486 maioribus
301 3424 437 3488 relictum
457 3425 540 3488 vobis
561 3434 590 3488 et
607 3427 665 3488 hoc
683 3445 700 3487 a
715 3426 795 3488 Sulla
808 3431 942 3506 paratum
954 3428 1104 3488 servitium
