2422 3854
180 193 221 255 92
354 209 403 251 88,
418 206 521 250 nomo
545 204 747 249 1vevarrrnvo
771 203 799 246 o.
816 193 860 249 87.
877 193 922 249 88.
943 193 986 248 89.

127 355 170 421 87
265 357 316 419 Set
331 357 434 418 consul
453 353 574 433 expletis
584 352 748 432 legionibus
762 351 989 429 cohortibusque
1004 347 1162 413 auxiliariis

178 443 208 503 in
230 458 335 520 agrum
353 439 479 502 fertilem
501 443 530 498 et
549 437 660 516 pracda
679 442 816 497 onustum
835 435 1040 513 proficiscitur,
1063 437 1161 499 omnia

177 524 219 587 ibi
237 529 322 602 capta
336 522 476 585 militibus
497 522 601 590 donat,
620 519 688 581 dein
711 518 830 581 88818118
848 526 878 581 81
893 517 1002 596 oppida
1015 525 1122 580 natura
1134 525 1163 581 et

177 609 247 668 viris
261 622 367 685 parum
389 606 500 667 munita
522 604 701 683 adgreditur,
723 601 835 681 proelia
849 601 952 672 multa,
974 608 1108 664 ceterum
1120 602 1161 664 ls-

151 692 231 760 2via,
244 689 371 751 aliaaliis
384 688 457 750 locis
466 688 574 750 lacere.
590 687 710 748 Interim
724 687 792 747 novi
804 685 909 747 milites
919 687 983 747 sine
993 692 1075 747 metu
1087 703 1181 765 puga

175 790 233 835 nae
253 774 369 835 adesse:
395 772 497 834 ridere
516 771 654 848 fugientis
675 771 805 849 capiant
824 769 932 837 occidi,
960 769 1162 831 fortissumum

177 874 324 943 quemque
333 857 532 932 tutissumum,
550 854 639 915 armis
652 852 827 922 bbertatem,
839 854 965 932 patriam
972 854 1162 932 pmentisque

148 947 205 1001 881
227 939 282 1002 8118
303 941 400 1002 omnia
414 941 488 1017 tegi,
509 938 632 1017 gloriam
647 944 734 1016 atque
749 937 861 997 diutius
875 938 986 1016 quaeri
1008 934 1062 1013 *Sic
1077 934 1162 1001 breri

174 1019 1160 1101 spationoriveteresquecoaluereetvirtusomniumaequalislaeto.

147 1119 166 1166 4
258 1107 296 1168 lt
316 1123 417 1184 reges,
438 1105 491 1166 nbi
511 1105 548 1166 de
568 1105 695 1166 adventu
708 1103 781 1165 llari
804 1121 982 1182 cognosere,
1004 1104 1114 1166 divorsi
1130 1104 1190 1165 188

174 1189 255 1251 locos
270 1189 393 1251 difficilis
405 1188 525 1250 8118881
546 1188 589 1248 118
600 1187 760 1265 Iugurthae
774 1188 935 1266 placuerat,
948 1188 1078 1265 speranti
1091 1205 1162 1249 mox

127 1303 137 1316 -
174 1274 283 1335 8118888
297 1273 390 1334 bostis
403 1272 500 1334 invadi
514 1288 617 1351 posse:
639 1270 804 1341 Romanos,-
827 1273 912 1332 sicuti
925 1270 1095 1350 plerosque,
1113 1287 1161 1331 re·

173 1364 254 1417 moto
280 1364 360 1419 metu
384 1355 478 1418 laxius
502 1353 696 1434 licentiusque
718 1354 844 1417 futuros.
941 1400 944 1407 .

124 1436 163 1501 88
258 1439 391 1503 Metellus
410 1441 522 1500 interea
537 1438 662 1500 llomam
675 1437 826 1517 profectus
848 1444 950 1500 contra
972 1455 1056 1515 spem
1075 1453 1161 1498 suam

172 1524 349 1586 laetissumis
367 1524 472 1584 animia
492 1523 650 1600 arripitur,
673 1520 753 1600 plebi
772 1521 981 1600 patribusque,
1004 1528 1161 1600 postquam
1170 1536 1191 1579 18

172 1608 279 1668 invidia
300 1607 460 1675 deceserat,
478 1607 558 1667 iuxta
577 1622 674 1666 carus.

147 1698 164 1746 1
258 1690 309 1750 Set
326 1688 436 1750 Marius
457 1690 573 1768 inpigre
593 1688 814 1768 prudenterque
837 1705 957 1749 suorum
979 1694 1010 1747 81
1030 1686 1161 1753 bostium

173 1790 222 1834 res
243 1773 354 1851 pariter
375 1772 547 1842 adtendere,
571 1787 752 1850 cognoscere
772 1772 842 1850 quid
863 1771 935 1832 boni
954 1772 1089 1850 utrisque
1111 1778 1161 1834 aut

177 1863 278 1918 contra
302 1863 388 1926 esset,
411 1855 566 1934 explorare
586 1858 692 1918 itinera
705 1873 825 1934 regum,
850 1854 969 1916 consilia
991 1861 1020 1915 et
1040 1854 1160 1917 insidias

173 1957 278 2001 eorum
304 1941 488 2008 antevenire,
511 1939 583 2000 nihil
610 1940 688 2018 apud
714 1956 746 2001 se
770 1940 928 1999 remissum
956 1956 1053 2017 neque
1080 1937 1193 2017 apudar

145 2023 236 2084 811188
257 2030 352 2085 tutum
366 2025 435 2100 pati.
468 2023 570 2100 ltaque
587 2029 616 2084 et
633 2021 771 2085 Gaetulos
789 2029 818 2082 et
832 2021 1006 2099 Iugurtham
1021 2040 1057 2083 ex
1072 2023 1160 2083 sociis

172 2109 280 2168 nostris
300 2105 425 2184 praedas
440 2108 553 2184 agentis
572 2123 660 2185 saepe
681 2107 838 2184 adgressus
854 2109 885 2166 in
907 2107 1012 2167 itinere
1033 2105 1159 2177 fuderat,

172 2191 328 2268 ipsumque
341 2205 443 2265 regem
457 2188 529 2250 haut
542 2191 646 2267 procul
661 2189 698 2252 ab
710 2191 818 2268 oppido
834 2189 910 2250 Cirta
924 2191 1013 2250 armis
1028 2197 1159 2251 exuerat.

147 2270 256 2342 40888
276 2279 432 2352 postquam
452 2272 579 2351 gloriosa
597 2274 684 2335 modo
700 2291 798 2352 neque
815 2272 884 2334 belli
898 2273 1033 2351 patrandi
1048 2289 1159 2352 cogno·

171 2357 221 2424 vit,
244 2358 344 2418 statuit
365 2355 461 2426 urbis,
488 2375 564 2435 quae
584 2358 653 2417 viris
675 2363 725 2418 aut
741 2356 807 2418 loco
824 2374 880 2435 pro
902 2355 1035 2420 hostibus
1057 2364 1087 2418 81
1108 2357 1190 2418 ad-as

170 2456 291 2500 vorsum
303 2459 335 2502 se
347 2443 620 2518 opportunissumae
644 2447 744 2510 erant,
773 2441 903 2518 singulas
929 2441 1176 2503 cneumvanirer

145 2601 148 2605 ,
170 2525 209 2584 118
224 2522 397 2601 Iugurtham
412 2531 462 2584 aut
481 2525 634 2601 praesidiis
655 2524 808 2601 nudatum,
827 2525 852 2583 si
872 2543 906 2585 ea
926 2531 1094 2603 pateretur,
1109 2531 1161 2586 aut

144 2606 284 2685 sproelio
307 2613 497 2667 certaturum.
539 2607 614 2669 Nam
633 2606 769 2669 Roccbus
789 2608 908 2668 nuntios
928 2609 966 2670 ad
989 2626 1057 2670 eum
1071 2624 1160 2688 saepe

169 2691 305 2758 miserat,
326 2688 401 2750 velle
415 2689 516 2767 populi
532 2689 657 2751 Romani
671 2691 840 2751 amicitiam:
861 2693 985 2771 nequid
1004 2692 1041 2753 ab
1056 2711 1089 2755 se
1105 2692 1158 2753 bo·

143 2771 235 2831 1181118
247 2773 373 2832 timeret.
407 2773 441 2832 ld
459 2773 676 2835 simulaveritne
695 2792 753 2852 quo
767 2775 933 2852 inprovisus
949 2778 1065 2855 gravior
1083 2777 1191 2838 acci-ao

169 2853 262 2921 deret,
283 2872 320 2914 an
335 2854 496 2917 mobilitate
511 2859 609 2934 ingeni
622 2875 726 2935 pacem
742 2865 831 2938 atque
848 2857 960 2922 bellum
974 2867 1091 2922 mutare
1111 2878 1160 2922 so·

118 2936 159 3000 89
168 2934 251 3006 litus,
282 2954 388 3014 parum
414 2939 598 3017 exploratum
618 2948 671 3001 881.
719 2941 771 3003 Set
791 2942 910 3014 consul,
935 2945 979 3005 uti
1005 2949 1158 3014 statuerat,

169 3021 278 3101 oppida
298 3021 475 3100 castellaque
490 3024 601 3084 munita
620 3026 716 3096 adire,
738 3030 845 3106 partim
867 3031 896 3090 vi
933 3028 988 3088 8118
1004 3033 1085 3088 metu
1107 3036 1160 3090 aut

143 3106 301 3183 epraemia
317 3107 490 3167 ostentando
504 3114 639 3172 avortere
653 3110 689 3171 ab
705 3111 848 3175 hostibus.
877 3113 919 3173 Ac
932 3112 1029 3191 primo
1043 3111 1158 3174 medio·

168 3190 229 3251 cria
256 3189 394 3267 gerebat,
423 3192 602 3254 existumans
622 3195 794 3274 Iugurtham
823 3196 861 3257 ob
879 3212 949 3257 suos
969 3196 1108 3257 tutandos
1126 3199 1189 3258 inu

142 3282 273 3337 omanus
289 3282 455 3337 venturum.
492 3275 544 3337 Set
557 3277 608 3339 ubi
624 3278 706 3341 illum
728 3280 833 3365 procul
855 3276 959 3341 abesse
978 3289 1007 3341 et
1025 3279 1088 3340 aliis
1103 3298 1157 3343 ne·

168 3359 256 3434 gotiis
277 3361 420 3422 intentum
447 3363 572 3438 accepit,
598 3366 708 3424 maiora
735 3371 764 3423 81
788 3364 881 3439 magis
908 3380 1012 3441 aspera
1033 3364 1157 3444 adgredi

168 3445 286 3522 tempus
305 3445 398 3504 visum
420 3453 471 3504 cst.
