2422 3854
300 223 466 268 cessuro
489 223 688 268 rvcvnrrrruo
708 222 735 265 c.
758 214 801 270 63.
823 213 865 269 64.
1033 207 1073 267 77

160 373 228 435 ,so
251 374 275 433 is
297 379 384 433 natus
405 379 433 433 et
457 389 572 434 omnem
596 373 750 450 pueritiam
777 371 878 450 Arpini
904 371 992 442 altus,
1021 371 1097 438 ubis

92 452 221 538 primum
235 463 314 517 aetas
334 454 451 517 militiae
464 457 578 535 patiens
592 457 653 526 luit,
672 455 822 534 stipendiis
837 454 989 541 faciundis,
1013 473 1072 517 non

93 543 206 603 Graeca
228 539 361 601 facundia
375 556 471 618 nequo
485 539 608 601 urbanis
622 539 770 601 munditiis
784 555 849 600 sese
866 541 1012 600 exercuit:
1034 543 1073 600 ita

92 627 170 686 iuter
192 625 262 685 artis
281 622 373 684 bonas
388 625 535 702 integrum
557 625 707 700 ingenium
727 623 810 683 brevi
828 621 959 684 adolevit.
994 624 1099 702 Ergoe

71 709 144 769 rubi
161 707 288 787 primum
302 705 481 768 tribunatum
495 706 651 768 militarem
667 725 683 767 a
697 704 806 786 populo
820 706 908 785 petit,
925 705 1073 786 plerisque

94 792 198 852 taciem
218 792 279 852 eius
297 789 500 868 ignorantibus
523 790 604 851 laetis
618 797 705 850 notus
725 808 780 868 per
802 791 896 850 omnis
914 789 1008 851 tribus
1022 791 1072 852 de·

94 875 230 936 claretur.
270 873 381 934 Deinde
407 873 443 934 ab
466 890 501 935 eo
515 875 686 951 magistratu
712 867 800 935 alium
822 879 888 950 post
909 872 998 933 alium
1018 874 1099 938 sibit

93 960 220 1037 peperit,
249 975 424 1036 semperque
452 959 482 1018 in
503 957 693 1037 potestatibus
718 956 861 1019 eomodo
884 956 1019 1032 agitabat,
1044 966 1075 1018 ut

93 1042 234 1121 ampliore
251 1059 339 1121 quam
353 1041 475 1116 gerebat
489 1042 595 1118 dignus
613 1037 782 1103 haberetur.
816 1039 927 1101 'lamen
950 1041 975 1100 is
990 1040 1026 1101 ad
1044 1041 1100 1106 ido

58 1126 227 1186 rolooorum
242 1124 306 1186 talis
318 1127 362 1186 rir
384 1159 418 1170 -
440 1143 508 1186 narn
531 1132 631 1204 postea
647 1125 804 1186 ambitione
823 1140 966 1203 praeceps
990 1123 1075 1185 datus

11 1221 18 1237 ⁰
93 1215 137 1270 ost
158 1242 205 1280 -,
221 1213 404 1271 constrictum
419 1208 557 1286 adpetere
577 1226 637 1269 non
657 1209 792 1271 audebat.
829 1209 986 1270 Etiamtum
1002 1208 1075 1269 alios

92 1293 278 1370 magistratus
290 1291 401 1370 plebes,
425 1292 606 1353 consulatum
620 1291 754 1354 nobilitas
767 1294 843 1353 inter
859 1310 891 1353 se
904 1309 959 1370 per
969 1310 1074 1353 manus

91 1374 234 1436 tradebat.
264 1373 360 1435 Nouos
376 1391 463 1435 nemo
479 1380 537 1435 tam
555 1375 651 1435 clarus
664 1393 760 1454 neque
775 1383 834 1436 tam
847 1377 974 1454 egregiis
990 1375 1098 1436 tactisr

94 1465 171 1527 erat,
185 1458 255 1537 quin
268 1460 293 1518 is
303 1458 439 1534 indignus
450 1458 499 1518 illo
511 1458 623 1519 honore
634 1466 662 1520 et
673 1460 755 1539 quasi
766 1458 893 1537 pollutus
903 1456 1072 1518 baberetur.

58 1564 83 1603 rs
160 1541 253 1621 igitur
264 1539 316 1601 ubi
326 1540 435 1601 Marius
446 1542 609 1621 haruspicis
623 1543 699 1604 dicta
714 1542 817 1605 eodem
828 1540 980 1603 intendere
997 1542 1074 1601 videt
1085 1539 1122 1600 64

93 1643 152 1704 quo
167 1624 273 1702 cupido
288 1626 375 1685 animi
391 1625 571 1695 hortabatur,
585 1625 622 1687 ab
634 1626 749 1689 Metello
763 1627 884 1705 petundi
898 1624 990 1704 gratia
1005 1626 1072 1685 mis·

94 1711 204 1770 sionem
226 1716 321 1787 rogat.
366 1709 418 1770 Cui
446 1727 623 1788 quamquam
643 1713 735 1773 virtus
756 1711 848 1788 gloria
871 1709 925 1770 alia
947 1709 1073 1785 optanda

93 1792 178 1853 bonis
199 1791 386 1870 superabant,
402 1799 499 1853 tamen
521 1795 614 1853 inerat
638 1801 820 1872 contemptor
839 1795 952 1854 animus
974 1799 1002 1852 et
1024 1805 1072 1852 su:

93 1875 210 1953 perbia,
229 1892 383 1936 commune
394 1874 550 1936 nobilitatis
561 1877 680 1937 malum.
727 1879 830 1957 ltaque
851 1877 981 1954 primum
1003 1882 1098 1932 con-2

58 1968 190 2021 remotus
211 1957 330 2021 insolita
357 1977 391 2019 re
412 1961 514 2023 mirari
530 1961 592 2021 eius
608 1959 774 2030 consilium,
789 1966 818 2021 et
833 1960 916 2037 quasi
932 1974 985 2034 per
1003 1958 1073 2017 ami·

94 2044 187 2104 citiam
209 2060 331 2104 monere
349 2060 387 2104 ne
408 2048 467 2103 tam
486 2061 576 2121 prava
594 2046 736 2123 inciperet
749 2061 808 2105 neu
821 2058 911 2120 super
925 2035 1074 2102 lortuna'm

92 2127 221 2188 animum
237 2133 369 2205 gereret:
383 2144 443 2187 non
460 2129 555 2188 omnia
570 2128 705 2190 omnibus
717 2127 863 2208 cupiunda
875 2143 950 2196 esse,
965 2124 1074 2186 debore

91 2208 132 2269 illi
153 2227 202 2270 res
222 2226 290 2270 suas
312 2212 382 2270 satis
406 2210 539 2287 placere:
562 2207 717 2288 ‘postremo
740 2217 856 2273 careret
882 2212 911 2273 id
934 2216 1073 2288 peteret

91 2291 200 2370 popudo
219 2292 368 2361 Romano,
390 2294 468 2368 quod
490 2291 530 2352 illi
550 2295 614 2355 iure
628 2302 795 2372 negaretur.
826 2295 985 2372 Postquam
1001 2294 1100 2353 baeot

57 2398 81 2439 aa
92 2382 180 2453 atque
200 2375 254 2436 alia
267 2374 334 2435 talia
350 2375 423 2434 dixit
436 2392 532 2453 neque
543 2378 657 2438 anirnus
672 2377 745 2437 Mari
759 2377 901 2445 flectitur,
922 2375 1075 2450 respondit

91 2459 144 2520 ubi
155 2460 282 2537 primum
293 2458 434 2535 potuisset
445 2475 499 2535 per
510 2461 626 2536 negotia
636 2459 754 2538 publica
765 2459 911 2520 iacturum
923 2475 988 2518 sese
1000 2475 1074 2536 quae

90 2549 213 2622 peteret.
247 2543 289 2604 Ac
302 2548 403 2621 postea
419 2545 535 2620 saepius
552 2542 653 2603 eadem
669 2542 826 2620 postulanti
841 2542 935 2604 fertur
950 2541 1099 2602 dixissem

90 2643 129 2687 ne
148 2626 298 2688 festinaret
313 2626 410 2688 abire:
430 2628 498 2686 satis
520 2632 633 2687 mature
655 2626 736 2688 illum
758 2645 826 2688 oum
847 2625 906 2687 lilio
928 2644 981 2686 suo
1003 2642 1073 2685 oon-

91 2709 218 2770 sulatum
239 2714 406 2787 petiturum.
442 2710 469 2770 Is
487 2729 521 2772 eo
536 2716 669 2789 tempore
691 2711 883 2772 contubernio
906 2709 997 2787 patris
1019 2708 1073 2771 ibi·

55 2794 160 2859 ecdem
181 2792 336 2862 militabat,
357 2811 449 2853 annos
469 2802 554 2855 natus
575 2795 690 2856 circiter
704 2797 811 2875 viginti.
830 2808 833 2813 ·
855 2795 936 2866 Quae
950 2812 1000 2855 res
1013 2794 1073 2854 Ma·

90 2879 169 2938 rium
191 2894 258 2936 cum
279 2893 335 2953 pro
356 2876 471 2938 honore
509 2897 596 2957 quem
612 2878 789 2949 adfectabat,
814 2885 875 2939 tum
893 2887 994 2939 eontra
1012 2877 1073 2940 Me·

90 2960 190 3027 tellum
206 2961 394 3022 vehementer
409 2960 593 3023 adcendorat.
625 2963 667 3025 lta
684 2965 819 3043 cupidine
833 2972 920 3042 atque
934 2965 987 3035 ira,
1005 2975 1099 3041 pes-o

91 3047 181 3106 sumis
196 3043 420 3114 consultoribus,
437 3048 571 3123 grassari,
596 3065 691 3127 neque
707 3049 784 3109 lacto
804 3047 864 3110 ullo
881 3065 978 3127 neque
993 3047 1070 3107 dioto

92 3128 253 3200 abstinere,
276 3128 353 3207 quod
376 3129 463 3189 modo
485 3130 669 3194 ambitiosum
686 3135 776 3204 foret,
800 3132 905 3194 milites
920 3129 1028 3210 quibus
1042 3131 1073 3189 in

56 3232 83 3276 as
90 3211 223 3274 hibernis
236 3220 373 3291 praeerat
387 3213 497 3276 laxiore
504 3217 627 3293 imperio
643 3233 730 3294 quam
746 3225 831 3279 antea
848 3215 973 3284 babere,
995 3213 1073 3290 apud

90 3299 296 3375 negotiatores,
317 3316 444 3377 quorum
464 3317 569 3378 magna
588 3299 742 3362 multitudo
759 3301 859 3362 Uticae
882 3306 958 3370 erat,
975 3297 1071 3358 orimi-

92 3396 164 3440 nose
182 3379 267 3441 simul
282 3388 311 3443 et
325 3382 477 3462 magnifice
492 3384 528 3445 de
541 3384 618 3446 bello
633 3384 728 3464 loquis
746 3385 863 3445 dimidia
877 3401 947 3462 pars
961 3383 1071 3444 exerci·

92 3468 140 3524 tus
151 3465 176 3525 si
185 3464 240 3525 sibi
254 3468 482 3545 permitteretur,
497 3471 598 3552 paucis
613 3470 716 3531 diebus
732 3468 903 3549 Iugurtham
917 3469 946 3529 in
962 3467 1072 3529 catenis
