2422 3854
198 200 241 241 00
264 197 589 242 000001000000100
614 188 798 244 0.107.108.
821 190 954 255 100110
1015 181 1073 241 105

94 367 163 411 cum
177 347 256 410 Sulla
270 349 389 409 iturum.
425 345 466 407 Ea
479 365 541 417 res,
560 349 602 409 uti
624 349 654 408 10
673 346 722 406 tali
743 348 874 424 negotio,
891 345 1025 426 probata,
1041 361 1101 410 000

93 433 190 494 statim
210 432 351 511 proiecti,
371 431 438 509 quia
460 430 497 492 de
516 432 663 511 inproviso
685 431 859 501 acciderant,
881 430 971 492 dubio
988 436 1075 508 atque

93 515 255 578 haesitante
268 514 410 592 Iugurtha
424 514 585 576 incolumes
599 521 760 576 transeunt.
787 513 899 577 Deinde
907 516 1007 594 paucis
1015 513 1101 579 die-⁷

92 599 150 659 ltus
171 617 230 678 quo
252 600 295 660 ire
316 598 501 659 intenderant
519 604 693 675 perventum
715 605 768 659 est.

66 699 80 738 a
177 682 221 744 lbi
234 700 303 744 cum
315 680 434 756 Boccho
448 681 573 743 Numida
588 681 719 760 quidam,
735 683 827 761 Aspar
844 685 970 750 nomine,
985 680 1128 743 0001108

93 774 156 827 tum
178 774 207 827 et
223 765 404 828 familiariter
425 764 544 841 agebat,
567 768 745 844 praemissus
766 764 803 825 ab
820 766 970 843 iugurtha,
996 773 1077 844 post-

94 868 182 930 quam
197 848 307 911 Sullam
326 849 452 910 accitum
469 848 618 919 audierat,
635 855 735 910 orator
756 856 785 909 et
804 848 927 910 subdole
945 849 1077 927 specula·

92 941 155 994 tum
182 933 294 994 Bocchi
308 932 616 1011 consiliazpraeterea
637 932 744 1000 Dabar,
763 931 970 1010 Massugradae
991 931 1076 998 lilius.

93 1035 130 1080 ex
147 1025 233 1095 gente
250 1016 426 1086 Masinissae,
450 1021 582 1078 ceterum
602 1023 735 1077 materno
754 1032 864 1093 genere
885 1018 970 1093 inpar
995 1013 1079 1094 [nam

59 1107 176 1180 tspater
189 1102 253 1162 eins
267 1119 304 1163 ex
319 1099 483 1162 concubina
500 1108 582 1160 ortus
598 1099 685 1180 erat],
701 1099 804 1160 Mauro
819 1100 856 1161 ob
874 1100 973 1178 ingeni
987 1098 1079 1159 multa

93 1184 170 1246 hona
197 1202 284 1249 carus
305 1191 510 1264 acceptusque.
554 1181 647 1253 Quem
664 1182 799 1246 Bocchus
820 1184 911 1245 fidum
939 1200 1003 1244 esse
1020 1182 1106 1243 lto-a

92 1269 187 1328 manis
208 1267 308 1328 multis
325 1272 392 1327 ante
412 1266 634 1345 tempestatibus
656 1274 810 1343 expertus,
833 1267 899 1329 ilico
916 1266 953 1327 ad
968 1265 1080 1327 Sullam

92 1351 258 1412 numiatum
278 1350 377 1419 mittit,
393 1357 529 1427 paratum
544 1366 608 1409 sese
630 1350 727 1410 iacere
742 1368 818 1428 qnae
832 1349 958 1428 populus
971 1348 1079 1410 Roma·

92 1451 149 1494 nus
170 1431 272 1495 uellet:
298 1430 452 1513 conloquio
475 1433 552 1494 diem
573 1432 672 1493 locum
691 1439 807 1510 tempus
827 1434 891 1510 ipse
913 1431 1079 1509 delegeret:

60 1531 83 1572 0
93 1516 227 1578 consulta
250 1534 315 1578 sese
338 1517 435 1577 omnia
451 1535 519 1578 cum
540 1514 589 1575 illo
611 1517 725 1592 integra
746 1514 873 1577 hahere:
896 1533 954 1576 neu
975 1514 1079 1591 lugur-

92 1601 161 1663 thae
181 1599 310 1677 legatum
324 1601 555 1679 pertimesceret,
566 1601 610 1648 -**
620 1600 704 1636 *m
726 1618 784 1679 quo
799 1617 848 1661 res
864 1599 1028 1661 communis
1044 1596 1079 1657 li·

93 1686 206 1745 centius
224 1690 392 1762 gereretur:
410 1701 479 1746 narn
493 1683 529 1744 ab
548 1683 659 1745 insidiis
673 1685 736 1745 eius
759 1683 843 1745 aliter
863 1684 960 1744 careri
978 1683 1080 1761 nequi·

93 1769 178 1828 01000.
203 1767 255 1829 Set
268 1785 324 1844 ego
342 1769 498 1846 conperiat
513 1766 664 1827 Bocchum
679 1769 771 1845 magis
792 1767 904 1828 Punica
918 1766 977 1826 tide
991 1775 1105 1844 quante

93 1850 132 1910 oh
155 1868 190 1911 ea
213 1868 289 1928 quae
304 1849 492 1928 praedicabat
508 1849 595 1909 simul
614 1849 781 1911 Romanum
802 1856 831 1911 et
853 1847 1011 1910 Numidam
1029 1864 1081 1925 spe

59 1935 175 2014 asparis
197 1934 370 2002 adtinuisse,
395 1931 578 2010 multumque
596 1951 663 1994 eum
685 1936 781 1995 animo
801 1950 855 1994 suo
877 1931 991 1992 volvere
1012 1931 1081 1990 soli·

91 2025 169 2088 tum,
193 2017 366 2095 Iugurtham
383 2015 537 2086 Romanis,
559 2035 597 2077 00
619 2015 660 2076 1111
680 2015 791 2078 Sullam
810 2016 954 2076 traderet:
975 2012 1081 2074 lubidi-

93 2121 162 2164 nem
175 2103 334 2163 advorsum
346 2118 415 2170 nos,
432 2107 543 2163 metum
553 2119 609 2180 pro
623 2100 710 2161 nohis
723 2102 858 2162 suasisse.
879 2099 971 2176 Igitur
986 2091 1132 2158 sudatus

93 2186 246 2264 respondit
268 2203 361 2262 pauca
383 2202 482 2245 coram
504 2185 615 2262 Aspare
637 2184 815 2255 locuturum,
839 2190 937 2246 cetera
956 2179 1081 2248 occulte,

95 2277 145 2330 aut
160 2266 241 2328 nullo
260 2268 310 2327 aut
327 2285 415 2345 quam
435 2268 626 2344 paucissumis
641 2267 859 2345 praesentibus:
877 2265 964 2326 simul
980 2265 1084 2325 edocet

62 2369 172 2431 aequae
187 2349 242 2411 sibi
256 2349 518 2428 responderentur.
553 2349 728 2426 Postquam,
746 2351 832 2410 sicuti
846 2347 991 2415 voluerat,
1013 2363 1109 2414 con-2

94 2435 205 2512 gressi,
219 2433 289 2495 dicit
307 2451 340 2492 se
354 2434 476 2492 missum
493 2450 511 2492 a
530 2431 650 2492 consule
666 2433 779 2493 venisse
796 2431 960 2511 quaesitum
974 2428 1010 2490 ab
1030 2445 1082 2496 eo,

94 2536 199 2590 pacem
220 2535 258 2578 an
276 2515 387 2578 bellum
406 2517 568 2591 agitaturus
583 2513 669 2576 foret.
709 2514 786 2575 Tum
801 2533 863 2582 rex,
885 2515 927 2574 uti
940 2529 1110 2590 praecep-3

97 2610 160 2664 tum
171 2606 277 2671 fuerat,
290 2597 357 2680 post
368 2600 446 2661 diem
458 2601 616 2661 decumum
626 2597 726 2658 redire
737 2596 835 2660 iubet:
853 2615 887 2658 ac
897 2598 971 2656 nihil
983 2599 1086 2656 etiam·
1158 2675 1160 2679 ¹

98 2693 161 2747 tum
176 2687 350 2757 decrevisse,
373 2693 421 2746 set
434 2684 486 2745 illo
501 2683 549 2745 die
562 2699 786 2762 responsurum.
825 2679 938 2741 Deinde
953 2678 1040 2740 ambo
1057 2680 1117 2741 104

63 2788 150 2833 sesua
161 2777 257 2830 castra
268 2770 395 2847 digressi
406 2777 484 2831 sunt.
514 2768 566 2830 Set
575 2767 628 2829 ubi
637 2765 814 2846 plerumque
824 2765 920 2826 000110
932 2763 1086 2842 processit,

99 2852 179 2916 Sulla
193 2874 210 2917 a
226 2853 343 2916 Boccho
358 2852 472 2916 occulte
487 2855 661 2918 accersitur:
676 2854 713 2915 ab
729 2860 856 2934 utroque
870 2859 983 2913 tantum
998 2850 1088 2912 modo

99 2938 149 2999 ddi
176 2941 351 3018 interpretes
370 2936 563 3007 adhibentur,
585 2944 738 3015 praeterea
761 2937 859 2999 Dabar
879 2937 1087 3003 internuntius,

99 3031 217 3085 sanctus
226 3026 306 3084 viret
320 3042 357 3084 ex
370 3023 513 3084 sententia
524 3021 677 3083 ambobus.
696 3023 738 3083 Ac
748 3023 845 3083 statim
857 3023 899 3082 010
908 3039 961 3082 rex
971 3018 1088 3095 incipit:

184 3105 360 3184 ‘Numquam
375 3122 430 3184 ego
447 3112 529 3167 ratus
550 3123 615 3166 sum
633 3105 712 3175 iore,
735 3107 777 3166 uti
798 3122 852 3166 rer
866 3119 1022 3166 maxumus
1041 3099 1140 3160 10110

65 3204 91 3246 ae
101 3189 157 3250 hac
170 3195 251 3251 terra
267 3195 296 3250 et
317 3191 447 3250 omnium
467 3205 541 3268 quos
555 3189 624 3248 0001
638 3191 751 3267 privato
769 3189 881 3249 homini
896 3186 1022 3263 gratiam
1038 3183 1090 3245 de·

98 3268 210 3334 herem.
233 3272 271 3333 Et
290 3271 468 3342 mehercule,
485 3271 576 3341 Sulla,
594 3280 662 3334 ante
676 3278 706 3334 te
721 3274 870 3349 cognitum
885 3268 986 3331 multis
1001 3285 1116 3336 oran-2

104 3355 196 3428 tibus,
219 3355 282 3416 aliis
295 3355 373 3418 ultro
391 3363 508 3433 egomet
520 3374 608 3435 opem
626 3355 689 3426 tuli,
711 3354 819 3417 nullius
834 3354 962 3431 indigui.
998 3351 1032 3411 ld
1045 3351 1116 3415 ima

103 3439 259 3509 minutum,
276 3442 353 3517 quod
369 3440 459 3504 ceteri
476 3439 576 3500 dolere
591 3439 700 3506 solent.
717 3455 772 3513 ego
788 3437 898 3498 laetor:
916 3435 1005 3497 luerit
1018 3433 1092 3496 mihi
