2422 3854
213 222 257 262 nu
280 219 452 265 cnrrnrnan
475 218 717 263 courrrnrmun
737 217 766 262 u.
788 209 831 264 24.
852 209 895 263 25.
916 209 961 264 26.
1038 197 1075 259 13

96 369 188 429 no'vos
211 367 334 445 adeptus
351 365 435 427 leret.
476 367 527 427 Set
547 367 598 428 ubi
624 364 790 443 perieulum
813 364 942 436 advenit,
970 365 1076 426 invidia

97 458 185 531 atque
203 449 342 528 superbia
360 456 426 525 post
444 448 536 511 fuere.

179 533 272 610 Igitur
294 533 416 592 comitiis
433 532 538 594 habitis
555 533 689 594 consedes
708 531 895 594 declarantur
910 533 948 593 ll.
964 530 1126 594 'l'ulliusll

97 624 127 678 et
141 618 175 679 G.
191 616 341 677 numnius.
365 613 450 685 Quod
465 616 575 676 factum
588 617 685 694 primo
703 615 854 694 popularis
868 617 1103 677 coniurationisa

74 705 294 762 sconousserat
315 699 418 777 Neque
438 705 536 760 tamen
551 697 689 760 Catilinae
706 699 792 760 furor
810 698 1013 769 minuebatur,
1033 706 1078 760 set

95 785 126 846 iu
145 783 206 843 dies
224 781 310 860 plura
325 783 444 858 agitare,
457 797 537 840 arma
552 795 607 856 per
621 778 735 840 ltaliam
747 779 820 841 loeis
835 783 1008 860 opportunis
1024 799 1076 860 pa·

95 884 176 937 rare,
199 865 356 944 pecuniam
377 881 430 924 sua
451 871 502 922 aut
522 865 684 924 amicorum
699 862 758 924 lide
776 870 922 940 sumptam
945 872 1076 927 mutuam

94 949 233 1011 Faesulas
254 949 291 1009 ad
311 946 449 1007 Manlium
472 946 617 1024 quendam
639 952 773 1023 portare,
798 947 848 1023 qui
870 954 973 1024 postea
993 950 1075 1025 prin·

96 1050 165 1110 ceps
179 1033 234 1094 fuit
248 1029 318 1092 belli
334 1029 471 1090 faciundi.
508 1028 549 1090 Ea
569 1036 742 1109 tempestate
759 1028 912 1107 plurumos
936 1032 1103 1108 cuiusquea

67 1118 216 1192 regeneris
235 1114 370 1175 homines
391 1112 545 1174 adscivisse
566 1113 622 1175 sibi
641 1114 756 1182 dicitur,
772 1112 910 1174 mulieres
926 1114 1012 1174 etiam
1025 1113 1077 1175 ali·

96 1205 180 1276 quct,
208 1216 283 1278 quae
304 1198 400 1275 primo
422 1198 548 1273 ingentis
568 1204 703 1276 sumptus
722 1203 826 1274 stupro
848 1197 982 1275 corporis
1003 1196 1076 1258 tole·

94 1288 245 1352 rarerant,
267 1286 334 1358 post
354 1278 406 1340 ubi
422 1286 501 1341 aetas
522 1286 634 1340 tantum
655 1280 744 1340 modo
764 1282 897 1358 quaestui
919 1298 1016 1358 neque
1031 1278 1075 1340 lu·

31 1410 33 1414 ,
94 1366 197 1425 xuriae
217 1362 340 1423 modum
362 1361 488 1430 fecerat,
517 1379 566 1423 aes
587 1362 714 1423 alienum
736 1363 847 1438 grande
869 1364 1074 1424 conflaverant

94 1446 153 1506 Per
171 1464 220 1506 eas
241 1462 273 1506 se
293 1442 412 1505 Catilina
437 1444 576 1505 eradebat
596 1462 683 1522 posse
704 1447 821 1511 servitia
841 1445 956 1506 urbana
970 1446 1103 1511 sollici-4

60 1549 84 1590 as
97 1534 173 1599 tare,
193 1528 299 1591 urbem
315 1527 483 1597 incendere,
506 1529 584 1588 viros
599 1546 700 1589 earum
721 1525 766 1588 vel
785 1528 945 1604 adiungere
961 1529 1016 1588 sibi
1029 1529 1076 1589 vel
1186 1537 1188 1542 “

95 1613 270 1675 interlicere,

179 1696 229 1757 Set
250 1697 281 1757 in
301 1695 343 1756 eis
366 1700 430 1756 erat
450 1694 638 1771 Sempronia,
668 1712 744 1773 quae
764 1693 856 1755 multa
877 1712 965 1772 saepe
987 1694 1124 1754 virilis25

96 1779 235 1862 audaciae
251 1777 382 1838 facinora
404 1779 588 1839 conmiserat.
633 1776 713 1839 llaec
734 1776 840 1838 mulier
858 1793 968 1854 genere
989 1785 1101 1856 atque2

96 1861 206 1931 iorma,
233 1867 387 1939 praeterea
408 1861 471 1920 viro
496 1859 597 1921 liberis
618 1862 687 1922 satis
706 1861 855 1922 fortunata
875 1861 942 1920 luit:
972 1861 1075 1921 litteris

60 1944 216 2011 eeGraecis
237 1950 267 2006 et
284 1944 392 2005 Latinis
412 1942 511 2013 decta,
531 1943 656 2021 psallere
676 1942 783 2004 saltere
805 1941 965 2019 elegantius
987 1961 1075 2020 quam

73 2045 216 2106 ,neeesse
238 2033 282 2090 est
301 2024 427 2105 probae,
450 2027 540 2088 multa
557 2027 621 2096 alia,
637 2045 712 2106 quae
730 2028 923 2088 instrumenta
942 2025 1075 2088 luxuriae

94 2119 171 2173 sunt.
204 2112 256 2174 Set
277 2112 304 2172 ei
325 2112 438 2172 cariora
460 2128 577 2189 semper
596 2112 693 2172 omnia
709 2128 796 2190 quam
814 2110 904 2172 decus
919 2117 1006 2189 atque
1020 2121 1102 2187 pu·3

95 2196 191 2258 dieitia
208 2194 275 2257 fuit:
293 2195 436 2273 pecuniae
454 2212 491 2255 an
506 2194 599 2257 lamae
614 2195 711 2256 minus
724 2201 875 2273 parceret,
897 2194 969 2255 haut
990 2193 1075 2255 facile

95 2279 293 2339 discerneres:
316 2277 448 2338 lubidine
466 2280 508 2340 sic
524 2279 662 2349 adcensa,
685 2283 719 2338 ut
736 2278 853 2355 saepius
869 2284 983 2355 peteret
996 2279 1074 2337 viros

60 2384 84 2427 ee
96 2379 184 2440 quam
199 2366 358 2438 peteretur.
404 2359 456 2420 Set
477 2379 511 2422 ea
533 2379 619 2438 saepe
639 2361 763 2421 antehac
783 2359 872 2419 fldem
892 2358 1100 2436 prodiderat‚4

94 2444 239 2507 creditum
253 2442 454 2512 ahiurarerat,
479 2445 575 2504 caedis
590 2444 706 2504 conscia
720 2443 830 2502 fueret:
851 2440 967 2502 luxuria
987 2447 1075 2522 atque

94 2529 191 2607 inopia
206 2544 348 2606 praeceps
363 2524 485 2587 abierat.
515 2528 624 2588 Verum
642 2526 793 2602 ingenium
807 2527 870 2585 eius
884 2524 956 2584 haut
972 2523 1102 2589 elusor-n

95 2612 179 2674 dum:
194 2629 280 2690 posse
296 2627 398 2672 uersus
416 2611 528 2680 lacere,
551 2612 648 2671 iocum
663 2625 797 2679 movere,
817 2624 955 2669 sermone
973 2609 1017 2668 uti
1031 2608 1077 2671 vel

94 2694 227 2756 modesto
242 2694 287 2755 rel
300 2693 381 2754 molli
394 2694 443 2755 rel
457 2695 591 2772 procaci:
607 2709 731 2771 prorsus
745 2690 854 2753 mrdme
865 2690 986 2753 facetiae
1000 2692 1076 2754 mul·

60 2800 86 2842 ao
95 2785 201 2856 tusque
218 2777 300 2854 lepos
314 2779 417 2838 inerat.

178 2859 330 2922 llisrebus
342 2862 507 2936 conparatis
518 2859 637 2920 Catilina
647 2858 738 2921 nihilo
749 2860 1075 2937 minusinproxumum
1085 2859 1125 2921 26

96 2962 204 3006 anuum
227 2941 409 3004 consulatum
430 2943 560 3021 petebat,
589 2960 725 3021 sperans,
752 2945 778 3005 si
800 2944 968 3021 designatus
988 2944 1073 3014 foret,

96 3027 179 3090 lacile
205 3045 238 3088 se
263 3045 298 3088 ex
325 3024 472 3086 voluntate
499 3026 624 3086 Antonio
652 3045 785 3089 usurum.
834 3027 936 3106 Neque
963 3029 1076 3088 interea

97 3113 212 3191 quietus
234 3117 306 3180 erat,
329 3116 374 3170 set
394 3109 530 3171 omnihus
546 3110 640 3170 modis
660 3111 778 3173 insidias
792 3110 915 3189 parabat
932 3110 1073 3172 Ciceroni.

60 3195 198 3275 nulleque
219 3193 261 3256 illi
274 3201 372 3256 tamen
393 3194 430 3255 ad
453 3193 615 3256 cavendum
628 3193 712 3256 dolus
730 3204 780 3256 aut
801 3196 922 3256 astutiae
942 3193 1101 3256 deeranta

97 3278 230 3358 Namque
257 3296 275 3339 a
301 3279 444 3358 principio
475 3277 643 3339 consulatus
664 3280 710 3340 sui
728 3278 820 3340 multa
839 3275 1003 3357 pollicendo
1019 3287 1101 3355 pera

96 3361 227 3424 Fulviam
245 3361 396 3434 effecerat,
419 3369 452 3425 ut
465 3365 499 3435 Q.
516 3362 635 3433 Curius,
656 3362 692 3424 de
708 3381 765 3442 quo
781 3361 869 3441 paulo
883 3366 950 3423 ante
962 3377 1073 3422 memo·

95 3446 166 3516 rari,
183 3446 301 3508 consilia
312 3446 449 3511 Catilinae
464 3447 520 3509 sibi
534 3445 743 3530 proderenld
750 3447 815 3507 noe
826 3444 1130 3518 consummans.
