2422 3854
152 215 212 278 112
420 232 600 276 onsrrouns
621 233 662 273 ur
682 231 861 276 nrrsruusn

150 381 206 443 sibi
220 382 343 460 quisque
357 397 428 458 opes
439 388 489 441 aut
504 381 665 458 patrocinia
680 379 851 457 quaerundo
869 379 1022 440 eonsilium
1033 379 1130 457 publi·

117 480 219 529 rcunr
241 469 449 542 conruperunt.
471 463 508 523 tlt
524 471 588 524 tum
607 469 670 523 erat
686 460 813 540 Lepidus
833 462 908 522 latro
933 480 1001 523 cum
1022 463 1131 527 coloni·
1195 535 1198 538 ‚

149 548 207 610 bus
228 558 256 609 et
274 547 375 626 paucis
395 547 520 618 sicariis,
543 563 669 625 quorum
682 562 847 606 remonon
867 545 971 606 diurna
992 548 1131 611 mercede

150 633 235 692 vitam
257 631 425 691 mutaverit:
454 647 534 691 nunc
559 635 603 689 est
628 627 825 707 proconsule
848 646 915 689 cum
928 629 1059 709 imperio
1070 649 1131 692 non

151 721 249 791 empto
271 720 315 774 set
337 714 404 774 dato
424 731 439 772 a
462 712 559 783 vobis,
585 729 652 773 cum
673 711 775 790 legatis
796 711 893 772 adhuc
913 714 979 773 iure
1001 717 1153 792 parenti-s

149 796 222 858 bus:
238 797 319 858 etad
338 815 405 857 eum
419 813 597 857 concurrere
614 795 747 855 homines
762 796 892 854 omnium
911 795 1049 858 ordinum
1062 817 1131 860 con·

150 882 328 958 ruptissumi,
347 879 504 958 flagrantes
519 880 616 956 inopia
629 885 658 939 et
673 876 871 956 cupidinibus,
893 879 1040 941 scelerum
1060 900 1130 942 con·

150 965 270 1025 scientia
303 964 452 1041 exagitati,
484 961 589 1041 quibus
612 962 693 1041 quies
713 962 744 1021 in
774 960 972 1032 seditionibus,
996 965 1025 1023 in
1058 983 1131 1042 pace

149 1047 253 1109 turbae
269 1054 352 1107 sunt:
376 1047 403 1107 ei
417 1044 573 1106 tumultum
591 1064 626 1107 ex
640 1042 776 1114 tumultu,
797 1042 907 1104 bellum
930 1063 966 1106 ex
987 1045 1065 1107 bello
1085 1066 1131 1109 se·

150 1137 233 1200 runt,
255 1130 403 1191 Saturnini
424 1127 508 1198 olim,
531 1136 597 1206 post
618 1126 742 1205 Sulpici,
766 1127 832 1188 dein
854 1127 929 1189 llari
947 1127 1166 1209 Damasippi-ro

117 1225 133 1275 ⁸
151 1232 223 1292 que,
243 1231 324 1273 nunc
340 1212 441 1290 Lepidi
459 1210 605 1272 satellites.
624 1213 780 1273 Praeterea
793 1210 909 1272 Etruria
925 1217 1012 1291 atque
1027 1231 1130 1275 omnes

150 1295 290 1375 reliquiae
308 1294 378 1356 belli
398 1295 543 1365 adrectae,
565 1296 721 1374 Hispaniae
739 1295 828 1355 armis
846 1295 994 1366 sollicitae,
1017 1295 1130 1358 Mithri·

151 1379 232 1440 dates
251 1381 282 1440 in
303 1379 395 1441 latere
414 1378 597 1458 vectigalium
617 1385 802 1446 nostrorum,
822 1378 929 1458 quibus
950 1378 1047 1440 adhuc
1065 1397 1130 1441 sus·

149 1469 306 1533 tentamur,
329 1463 406 1525 diem
425 1461 503 1523 bello
523 1463 734 1540 circumspicit:
763 1463 833 1539 quin
854 1469 972 1539 praeter
992 1458 1131 1525 idoneum

151 1547 255 1610 ducem
276 1545 347 1607 nihil
369 1546 452 1607 abest
473 1545 509 1606 od
529 1545 761 1607 subvortundum
784 1548 953 1626 imperium.
1141 1564 1166 1605 ra

116 1646 133 1698 o
235 1629 319 1702 Quod
334 1647 389 1708 ego
403 1647 455 1690 ros
470 1646 522 1689 oro
537 1636 624 1708 atque
640 1629 772 1699 obsecro,
794 1635 893 1706 potres
911 1630 1076 1707 conscripti,
1098 1636 1133 1690 ut

150 1713 395 1781 animadvortatis,
417 1727 476 1773 neu
497 1714 646 1791 patiamini
661 1712 807 1774 licentiam
822 1710 968 1774 scelerum
985 1713 1067 1791 quasi
1081 1729 1130 1772 ra·

149 1795 228 1856 biem
245 1797 281 1857 ad
297 1797 429 1874 integros
440 1801 575 1857 contactu
590 1796 763 1874 procedere.
785 1796 860 1857 Nam
874 1794 926 1856 ubi
937 1794 1030 1857 malos
1044 1812 1130 1873 prae·

149 1881 206 1941 mia
228 1886 382 1951 secuntur,
409 1880 481 1942 haut
506 1879 593 1940 facile
614 1882 767 1959 quisquam
795 1880 922 1956 gratuito
949 1879 1046 1940 bonus
1075 1885 1128 1940 est.

101 1974 133 2025 10
149 1963 193 2027 dn
215 1966 392 2042 expectatis,
418 1963 488 2025 dum
513 1965 643 2025 exercitu
665 1980 770 2024 rursus
793 1963 910 2023 admoto
940 1962 1020 2024 ferro
1043 1968 1167 2041 atqueso

149 2047 267 2109 ilamma
286 2047 391 2109 urbem
408 2047 542 2109 inundati
563 2046 641 2126 quod
660 2045 752 2108 multo
772 2048 894 2125 propius
908 2052 953 2108 est
967 2044 1005 2108 ab
1023 2064 1059 2108 eo
1072 2063 1131 2124 quo

151 2133 239 2209 agitat
259 2137 350 2200 statu,
381 2149 469 2210 quam
491 2149 526 2192 ex
544 2147 617 2208 pace
639 2137 668 2193 et
688 2130 845 2192 concordia
866 2130 903 2191 ad
925 2147 1007 2191 arma
1027 2129 1130 2199 civilio,

151 2230 226 2290 quae
240 2213 287 2274 ille
304 2213 459 2275 advorsum
475 2215 570 2275 diuina
586 2221 615 2275 et
632 2215 760 2276 humana
777 2214 874 2275 omnia
891 2215 977 2293 cepit,
999 2231 1060 2274 non
1075 2230 1132 2290 pro

151 2313 201 2357 sua
222 2303 271 2357 aut
298 2315 423 2377 quorum
446 2297 561 2359 simulat
585 2300 705 2369 uuuria,
732 2304 776 2359 set
802 2295 900 2376 legum
929 2316 964 2359 ac
989 2297 1132 2359 libertatis

102 2396 131 2448 11
150 2380 375 2442 subvortundae.
395 2383 497 2461 Agitur
519 2384 596 2443 onim
619 2400 653 2444 ao
671 2382 818 2443 laceratur
836 2383 924 2442 animi
947 2381 1082 2459 cupidine
1103 2386 1166 2441 otu

150 2481 294 2525 noxarum
313 2472 407 2536 metu,
441 2484 547 2545 expers
568 2465 686 2536 consili,
713 2467 843 2545 inquies,
869 2466 943 2527 haec
975 2471 1062 2544 atque
1083 2463 1132 2524 illa

150 2554 311 2626 temptans,
340 2551 443 2611 metuit
464 2551 554 2611 otium
573 2550 634 2610 odit
655 2547 782 2619 bellum,
810 2549 882 2610 luxu
907 2555 994 2627 atque
1015 2546 1131 2608 licentia

151 2631 310 2692 carendum
331 2632 409 2693 videt
425 2639 565 2711 —atque
583 2634 700 2694 interim
721 2632 849 2694 abutitur
869 2638 967 2692 vostra
985 2632 1129 2692 socordia.

104 2724 133 2776 12
150 2713 250 2791 Neque
266 2715 336 2776 mihi
357 2717 425 2776 satis
446 2717 548 2777 consili
569 2722 621 2785 est,
642 2722 753 2777 metum
777 2731 816 2775 oo
840 2715 984 2792 ignaviam
1012 2732 1050 2776 an
1079 2715 1130 2775 de-

154 2797 295 2856 mentiam
319 2814 382 2857 eam
392 2795 552 2876 adpellem:
576 2800 626 2877 qui
641 2798 782 2860 videmini
796 2799 945 2860 intuentes
962 2805 1046 2860 tauta
1061 2797 1136 2863 mala
1146 2821 1170 2863 so

156 2878 239 2953 quasi
250 2877 469 2958 sulmenoptare
481 2900 513 2943 se
525 2883 646 2961 quisque
659 2899 696 2942 ne
708 2881 848 2960 adtingat,
867 2888 913 2942 set
925 2881 1086 2961 prohibere
1099 2902 1136 2943 ne

104 2965 136 3018 13
154 2959 254 3019 conari
279 2961 405 3038 quidem.
449 2965 487 3027 Et
515 2983 623 3045 quaeso
649 2967 847 3039 considerate,
876 2987 964 3050 quam
990 2985 1130 3030 convorsa

153 3059 254 3104 rerum
274 3050 377 3106 natura
399 3048 444 3108 sit.
463 3048 555 3110 Antea
576 3048 685 3111 malum
707 3050 858 3131 publicum
879 3051 1002 3125 occulte,
1025 3051 1131 3116 auxilia

89 3199 92 3202 ἦ
152 3126 248 3203 palam
270 3129 491 3193 instruebantur
520 3139 549 3195 et
574 3152 609 3195 eo
634 3134 704 3195 boni
735 3135 827 3197 malos
854 3137 938 3200 facile
967 3137 1129 3209 anteibant:

152 3225 232 3271 nunc
256 3229 313 3290 par
337 3220 366 3273 et
387 3216 543 3278 concordia
570 3217 770 3281 disturbantur
791 3219 902 3300 palam,
933 3221 1165 3282 defendunturoa

153 3292 281 3355 occulte:
308 3296 414 3373 quibus
432 3298 480 3361 illa
501 3299 618 3379 placent
639 3304 668 3364 in
689 3306 778 3365 armis
799 3311 882 3375 sunt,
910 3321 962 3365 vos
986 3305 1016 3365 in
1038 3312 1128 3366 metu.

103 3381 134 3433 lt
151 3373 226 3446 Quid
254 3383 429 3456 expectatis?
456 3385 511 3446 nisi
540 3385 617 3448 forte
637 3387 728 3467 pudet
750 3395 800 3451 aut
820 3391 900 3466 piget
920 3394 1002 3450 recte
1020 3382 1128 3450 iacere.

150 3457 193 3519 dn
213 3457 315 3541 Lepidi
343 3467 479 3533 mandata
507 3471 618 3535 animos
643 3473 780 3536 movere?
807 3473 856 3559 qui
877 3471 994 3555 placere
1017 3474 1057 3535 ait
1078 3490 1130 3534 sua
