2422 3854
293 200 337 243 nn
358 201 460 254 annno
482 201 683 246 rvovnumso
706 202 732 246 o.
755 195 779 251 7.
799 195 824 250 8.
846 198 871 252 9.
1026 191 1064 251 41

89 348 168 418 salio,
191 367 316 428 quorum
328 348 450 411 alterum
464 370 500 412 ex
519 353 698 430 providentia
711 353 862 423 timorem,
885 353 1012 414 alterum
1030 373 1065 416 er

90 434 210 495 audacia
227 434 419 493 temeritatem
440 434 557 496 adferre
571 435 745 516 plerumque
759 436 840 497 solat.
870 437 963 514 Igitur
977 440 1093 517 impe-o

89 524 170 577 rator
188 517 282 576 omnis
297 515 359 576 fere
372 534 422 577 res
435 535 555 594 asperas
570 535 623 596 per
643 519 815 596 Iugurtham
834 538 930 598 agere,
950 520 981 580 in
996 523 1067 580 ami·

91 602 132 660 cis
153 599 278 669 habere,
301 600 393 676 magis
406 602 558 679 magisque
574 620 641 662 eum
662 605 691 662 in
715 603 776 664 dies
793 603 936 681 amplecti,
961 605 1068 681 quippe

71 683 173 743 ecuius
187 701 283 760 neque
306 683 458 744 eonsilium
472 702 568 762 neque
588 687 737 762 inceptum
757 686 851 747 ullum
866 687 975 746 trustra
994 694 1066 747 erat

90 766 154 826 lluc
170 766 331 827 adcedebat
349 768 546 828 munificentia
560 769 648 828 animi
671 776 699 831 et
719 771 818 845 ingeni
835 768 979 839 sollertia,
1003 771 1094 847 quise

88 849 178 910 rebus
189 849 244 910 sihi
255 850 362 911 multos
374 868 410 910 ex
423 851 561 911 Romanis
577 851 711 912 familiari
728 853 853 912 amicitia
868 854 1067 914 coniunxerat.

89 932 130 992 Ea
151 938 323 1010 tempestate
343 935 373 993 in
395 936 524 996 exercitu
542 941 643 994 nostro
660 935 749 1002 ,tuere
770 934 926 1012 conplures
945 936 1011 995 novi
1026 941 1098 1003 at·8

90 1034 147 1093 que
157 1016 280 1086 nobiles,
298 1017 403 1095 quibus
416 1017 529 1078 divitiae
544 1017 623 1077 hono
634 1018 818 1098 honestoque
828 1019 959 1096 potiores
975 1026 1067 1088 erant,

56 1099 202 1159 relectiosi
222 1101 309 1171 domi,
331 1107 464 1178 potentes
481 1103 558 1179 apud
576 1103 680 1172 socios,
704 1102 775 1162 clari
796 1103 888 1178 magis
907 1118 996 1181 quam
1016 1103 1069 1160 ho·

88 1184 178 1251 nesti,
200 1185 250 1262 qui
272 1184 428 1259 iugurthae
448 1202 508 1244 non
534 1186 713 1246 mediocrem
735 1187 864 1246 animum
884 1185 1069 1263 pollicitando

89 1266 299 1335 adtendebant,
314 1270 339 1327 si
349 1267 467 1344 Micipsa
478 1286 532 1328 rex
546 1269 708 1337 occidisset,
726 1268 789 1329 lore
805 1270 846 1329 uti
862 1267 941 1328 solus
965 1267 1075 1345 imperi

88 1348 242 1408 Numidiae
263 1351 422 1427 potiretur:
449 1352 478 1409 in
505 1352 568 1428 ipso
589 1369 756 1411 maxumam
782 1353 934 1421 virtutem,
959 1351 1070 1411 Romae

91 1435 187 1493 omnia
196 1431 324 1493 vaenalia
336 1449 408 1492 esse.
429 1432 480 1493 Set
489 1439 644 1512 postquam
655 1433 809 1493 Numantia
823 1433 917 1493 deleta
928 1433 960 1493 P.
974 1433 1098 1510 Salpina

55 1531 80 1572 re
91 1514 236 1575 dimittere
254 1515 357 1575 auxilia
375 1517 479 1593 etipse
495 1518 604 1578 revorti
625 1517 745 1576 domum
765 1517 908 1584 decrevit,
931 1516 1071 1576 donatum

90 1605 177 1676 atque
191 1599 340 1660 laudatum
361 1600 513 1675 magnifice
527 1618 582 1677 pro
598 1602 732 1660 contione
748 1599 920 1676 Iugurtham
934 1600 965 1659 in
985 1617 1070 1676 prae·
1089 1641 1092 1646 -

89 1685 198 1745 torium
220 1683 340 1743 abduxit
360 1682 459 1761 ibique
481 1690 595 1744 secreto
619 1686 747 1753 monuit,
778 1690 811 1743 ut
837 1684 934 1761 potius
954 1682 1071 1762 publice

91 1783 179 1842 quam
201 1768 335 1842 privatim
350 1768 505 1826 amicitiam
519 1765 619 1843 populi
640 1766 764 1826 Romani
779 1765 902 1835 coleret,
925 1782 987 1827 neu.
1008 1769 1070 1844 qui·

90 1847 147 1909 hus
161 1849 262 1925 largiri
277 1850 470 1909 insuesceret:
492 1848 686 1926 periculosae
706 1850 806 1926 paucis
824 1850 881 1908 emi
898 1849 977 1925 quod
996 1850 1071 1909 mul·

54 1947 82 1988 ao
89 1937 188 1992 torum
208 1939 298 1992 esset:
321 1934 345 1992 si
365 1949 540 2010 permanere
559 1931 647 1992 uellet
663 1934 693 1990 in
708 1933 767 1990 suis
784 1932 909 2000 artibus,
931 1931 1009 1990 ultro
1030 1932 1070 1992 illi

91 2023 120 2076 et
133 2017 256 2092 gloriam
272 2022 300 2076 et
316 2032 441 2092 regnum
454 2023 619 2084 venturum,
638 2017 683 2074 siu
699 2015 906 2093 properantius
921 2021 1069 2092 pergeret,

90 2109 204 2159 suamet
224 2101 319 2176 ipsum
340 2100 464 2176 pecunia
486 2100 674 2176 praecipitem
699 2116 845 2158 casurum.
888 2096 936 2158 Sic
957 2096 1103 2159 locutus9

92 2201 159 2243 cum
176 2183 279 2242 litteris
296 2200 373 2250 eum,
396 2199 468 2260 quas
481 2183 617 2258 Micipsae
636 2182 783 2252 redderet,
803 2181 922 2242 dimisit.
962 2179 1071 2241 Earum

91 2267 234 2325 sententia
254 2265 328 2325 haec
347 2272 423 2324 erat:
447 2264 614 2341 ‘Iugurthae
634 2266 675 2324 tui
696 2264 773 2324 bello
791 2264 967 2324 Numantino
985 2265 1098 2339 longea

56 2366 228 2408 aemaxuma
246 2349 338 2406 virtus
357 2346 419 2414 luit,
437 2364 524 2424 quam
541 2364 605 2406 rem
623 2346 676 2407 tibi
696 2353 777 2406 certo
792 2348 853 2405 scio
870 2346 976 2420 gaudio
995 2363 1069 2406 esse.

91 2430 183 2492 Nobis
199 2431 236 2490 ob
252 2431 355 2490 merita
369 2447 421 2489 sua
443 2446 528 2489 carus
551 2435 608 2488 est:
630 2435 663 2488 ut
680 2429 758 2488 idem
777 2426 893 2489 senatui
910 2434 940 2486 et
959 2424 1070 2504 populo

91 2515 224 2575 liomano
245 2516 298 2583 sit,
318 2530 431 2573 summa
447 2530 503 2589 ope
518 2513 654 2572 nitemur.
688 2509 752 2571 Tibi
765 2510 883 2588 quidem
902 2528 958 2587 pro
972 2516 1070 2570 nostra

92 2599 216 2658 amicitia
230 2598 370 2674 gratulor.
385 2589 453 2674 [En]
459 2595 550 2656 habes
564 2596 659 2654 virum
669 2595 789 2670 dignum
804 2600 833 2653 te
849 2600 936 2673 atque
951 2612 1003 2654 avo
1018 2611 1072 2654 suo

91 2679 260 2740 Masinissa!
300 2680 392 2755 Igitur
413 2698 480 2749 rex,
505 2678 556 2739 ubi
579 2696 627 2747 ea,
652 2696 726 2757 quae
748 2678 824 2738 lama
844 2684 1012 2754 acceperat,
1036 2689 1099 2740 exa

56 2781 84 2823 ao
93 2762 197 2823 litteris
204 2763 390 2840 imperatoris
401 2767 442 2824 ita
454 2783 519 2826 esse
531 2765 676 2842 cognovit,
696 2779 762 2821 oum
772 2762 884 2821 ,virtute
904 2767 967 2820 tum
981 2763 1073 2838 gratia

93 2847 147 2905 viri
168 2851 320 2922 permotus
339 2844 418 2904 flexit
439 2847 568 2906 animum
590 2862 676 2905 suum
697 2850 726 2905 et
741 2842 913 2920 Iugurtham
933 2844 1073 2906 benificiis

93 2930 210 2989 mucore
233 2928 389 3004 adgressus
410 2935 453 2988 est
473 2931 627 3006 statimque
649 2945 716 2988 eum
744 2928 902 3007 adoptavit,
930 2935 959 2989 et
985 2934 1072 2988 testa-

94 3019 193 3072 mento
215 3012 325 3089 pariter
346 3026 413 3070 oum
431 3010 495 3070 liliis
512 3011 653 3072 heredem
675 3012 805 3071 instituit.

180 3095 230 3156 Set
243 3097 306 3172 ipse
321 3110 430 3172 paucos
447 3100 513 3172 post
531 3112 623 3155 anuos
639 3093 745 3154 morbo
763 3100 849 3171 atque
864 3100 958 3154 aetate
974 3091 1100 3152 conia-4

61 3194 160 3241 sectus
177 3197 244 3240 cum
258 3178 314 3238 sibi
327 3178 416 3246 finem
432 3179 506 3236 vitae
526 3177 626 3238 adesse
646 3177 835 3253 intellegeret,
856 3191 956 3236 coram
974 3174 1074 3234 amieis

97 3270 125 3323 et
145 3263 275 3339 cognatis
295 3263 424 3339 itemque
447 3259 612 3321 Adherbale
640 3267 669 3320 et
690 3259 855 3338 Hiempsale
882 3258 947 3317 tiliis
969 3257 1074 3318 dicitnr

69 3361 71 3365 ’
96 3345 217 3407 huiusce
237 3345 316 3406 modi
330 3344 420 3405 verba
438 3361 504 3404 cum
519 3343 660 3419 Iugurtha
677 3343 828 3404 habuisse:

181 3429 314 3490 ‘Parrom
326 3444 390 3505 ego,
411 3426 561 3505 Iugurtha,
583 3434 621 3498 te,
644 3427 749 3487 emisso
764 3431 851 3504 patre
863 3424 931 3484 siue
947 3423 1137 3500 sussum
