2422 3854
277 204 445 250 1111111
469 205 670 252 rvcvnrnrno
694 205 720 248 c.
744 199 785 253 11.
806 199 847 253 11.
872 199 913 254 13.
1041 190 1082 252 13

102 352 210 414 scindi:
233 370 302 414 nam
321 371 375 432 per
389 368 422 416 11
441 360 573 432 tempora
588 353 753 416 conlectum
767 356 850 415 annis
867 352 1017 433 Micipsam
1032 370 1084 434 pa·

101 453 169 498 rum
185 435 282 496 animo
304 435 436 499 valuisse.
470 437 545 499 'lum
567 438 645 498 idem
662 436 810 517 Hiempsal
825 437 942 517 placere
963 437 1019 498 sibi
1036 449 1111 500 116

101 518 235 597 spondit:
257 536 326 580 nam
341 521 436 599 ipsum
458 520 539 583 illum
560 520 655 582 tribus
672 523 824 598 proxumis
845 523 928 584 annis
950 520 1084 602 [adopta-

102 601 196 682 tione]
217 603 247 662 in
267 621 392 682 regnum
413 606 589 682 pervenisse.
621 604 706 676 Quod
723 604 847 666 verbum
868 606 898 666 in
919 611 1022 684 pectus
1037 604 1110 668 lu-t

80 685 229 763 ugurthao
248 685 332 749 altius
348 705 434 766 quam
450 690 603 767 quisquam
618 694 700 749 ratus
712 696 776 749 erat
792 688 950 750 descendit.
982 688 1110 766 laquea

103 785 140 830 ex
163 787 198 830 eo
217 774 350 849 tempore
371 771 414 831 ira
438 777 467 832 et
487 778 567 833 metu
588 773 691 832 anxius
705 769 801 832 moliri
822 789 929 850 parare
944 778 1031 850 atque
1050 790 1083 832 ea

101 852 190 913 modo
206 870 273 915 cum
289 855 387 916 animo
401 852 521 934 babere,
531 855 636 934 quibus
649 853 798 933 Hiempsal
812 873 866 934 per
881 853 981 916 dolum
999 872 1084 934 cape·

101 942 194 997 retur.
238 938 319 1010 Quae
340 937 392 999 ubi
415 939 523 999 tardius
542 938 707 1015 procedunt
724 956 821 1016 neque
842 938 949 999 lenitur
971 938 1084 998 animus

103 1017 196 1089 ieron,
217 1022 317 1083 statuit
339 1022 546 1100 quovismodo
566 1024 716 1100 inceptum
736 1023 890 1100 perlicere.

68 1125 93 1167 ro
187 1103 286 1165 Primo
309 1110 468 1175 conventu,
492 1123 579 1184 quem
599 1105 636 1166 ab
657 1104 766 1182 regulis
788 1105 898 1168 lactum
916 1121 1005 1183 supra
1023 1103 1136 1164 111-12

104 1188 229 1258 moravi,
258 1195 381 1266 propter
403 1189 612 1250 dissensionem
631 1188 781 1268 placuerat
802 1189 889 1250 dividi
910 1188 1086 1250 thensauros

102 1270 228 1349 finisque
239 1271 347 1354 imperi
360 1271 483 1347 singidis
495 1273 639 1333 constitui.
668 1271 768 1349 ltaque
787 1277 903 1350 tempus
924 1273 960 1333 ad
974 1279 1112 1332 utram-2

104 1370 163 1432 que
182 1370 247 1412 rem
265 1353 444 1421 decernitur,
464 1360 509 1413 set
522 1356 664 1414 maturius
680 1355 716 1414 ad
738 1356 894 1431 pecuniam
909 1355 1085 1416 distribuen-

105 1435 183 1496 dam.
217 1434 322 1512 Reguli
335 1438 446 1498 interea
464 1437 494 1496 in
509 1434 573 1496 loca
584 1437 749 1516 propinqua
763 1436 928 1497 thensauris
941 1437 1015 1499 alius
1030 1436 1085 1497 alio

69 1539 94 1581 11
105 1534 287 1580 concessere.
332 1520 383 1580 Set
404 1517 553 1597 Hiempsal
574 1521 604 1580 in
625 1519 733 1598 oppido
754 1519 904 1581 Thirmida
926 1520 1002 1580 forte
1024 1521 1112 1582 eiust

105 1603 191 1663 domo
212 1601 357 1674 utebatur,
382 1603 431 1682 qui
441 1619 604 1681 proxumus
615 1602 700 1664 111111
710 1603 869 1680 Iugurthae
882 1620 967 1664 carus
981 1620 1085 1680 accep·

103 1692 208 1764 tueque
223 1687 250 1747 ei
265 1702 382 1765 semper
396 1687 499 1749 luerat.
517 1688 611 1757 Quem
625 1685 674 1748 ille
692 1705 760 1748 casu
774 1689 940 1748 ministrum
956 1686 1085 1747 oblatum

103 1769 256 1847 promissis
278 1778 382 1832 onerat
403 1769 586 1849 inpellitquo,
611 1772 654 1831 uti
672 1777 821 1850 tamquam
842 1788 894 1832 sua
915 1773 1011 1832 visens
1033 1770 1085 1829 do-

104 1869 187 1912 mum
203 1858 257 1921 eat,
273 1859 427 1931 portarum
442 1853 529 1914 clavis
550 1852 727 1914 adulterinas
744 1860 829 1932 paret
852 1888 887 1899 —
912 1871 981 1914 nam
1000 1871 1085 1914 verae

69 1935 143 1998 mad
160 1934 356 2014 Hiempsalem
373 1936 578 1999 referebantur
597 1970 651 2006 -,
681 1942 828 2006 11111111,
851 1937 903 1998 ubi
922 1953 971 1997 res
985 1943 1086 2015 postu·

107 2018 190 2088 laret,
207 2036 239 2081 se
253 2021 349 2098 ipsum
363 2038 432 2081 cum
446 2037 554 2097 magna
568 2037 658 2081 manu
671 2027 836 2082 venturum.
866 2019 990 2081 Numida
1004 2030 1112 2079 man-4

107 2103 174 2162 data
195 2101 278 2165 brevi
293 2104 414 2164 ‚coniicit
436 2110 532 2183 atque,
548 2105 592 2165 uti
613 2105 715 2165 doctus
731 2111 802 2174 erat,
823 2110 911 2164 noctu
928 2103 1087 2180 Iugurthae

106 2185 212 2247 milites
233 2187 400 2248 introducit.
425 2186 481 2258 Qui
495 2194 650 2266 postquam
671 2190 701 2248 in
719 2189 797 2251 aedis
813 2189 962 2265 inrupere,
981 2185 1114 2248 divorsio

106 2284 208 2344 regem
228 2286 387 2348 quaerere,
413 2270 584 2330 dormientis
603 2270 760 2331 aliosalios
779 2272 959 2331 occursantis
976 2270 1086 2330 interfi-

69 2369 184 2422 asoere,
207 2353 332 2412 scrutari
347 2350 412 2420 loca
428 2352 534 2420 abdita,
555 2353 652 2414 clausa
675 2354 845 2428 effringere,
855 2353 978 2429 strepitu
993 2358 1022 2412 et
1040 2357 1086 2410 tu·

103 2435 199 2496 multu
215 2435 311 2495 omnia
325 2436 464 2497 miscere:
487 2453 554 2496 cum
574 2436 691 2496 interim
707 2433 854 2513 Hiempsal
869 2435 1016 2513 reperitur
1038 2452 1086 2494 oc·

106 2517 220 2580 cultans
235 2536 267 2580 se
286 2517 346 2600 [in]
362 2520 481 2596 tugurio
496 2517 626 2580 mulieris
641 2516 775 2588 ancillae,
793 2535 850 2597 quo
868 2518 949 2578 initio
967 2518 1087 2595 pavidus

105 2604 274 2680 et'ignarus
292 2603 347 2664 loci
365 2604 544 2682 perfugerat.
588 2601 730 2662 Numidae
751 2608 839 2680 caput
860 2603 936 2666 eius.
960 2601 1003 2661 uti
1018 2601 1088 2661 iussi

106 2694 205 2754 erant,
228 2687 265 2746 ad
285 2686 457 2763 Iugurtham
478 2685 620 2748 referunt.

70 2787 96 2828 11
193 2767 330 2828 Ceterum
346 2770 422 2830 lama
433 2772 506 2831 tanti
517 2770 655 2831 facinoris
666 2787 720 2850 per
734 2785 852 2829 omnem
867 2766 994 2828 Africam
1009 2765 1137 2829 brevild

107 2849 287 2928 divolgatur:
310 2851 504 2914 Adherbalem
518 2855 671 2933 omnisque
689 2853 739 2932 qui
753 2852 807 2913 sub
819 2853 944 2932 imperio
952 2850 1088 2930 Micipsae

106 2935 224 2998 luerant
247 2940 344 2994 metus
361 2933 483 2996 invadit:
506 2937 624 2999 induas
642 2937 734 3015 partis
757 2935 909 2996 discedunt
928 2934 1087 2996 Numidae:

105 3017 207 3098 plures
220 3016 416 3079 Adherbalem
430 3027 578 3089 secuntur,
598 3027 642 3081 set
660 3019 742 3080 illum
757 3018 880 3080 alterum
894 3018 971 3080 bello
987 3016 1088 3078 melio·

106 3120 165 3164 res.
208 3102 300 3180 Igitur
320 3101 461 3180 iugurtha
477 3120 565 3181 quam
582 3120 734 3164 maxumas
748 3108 844 3182 potest
865 3103 963 3178 copias
986 3106 1114 3168 1111111

73 3185 191 3248 1111111
210 3187 316 3263 partim
331 3188 358 3246 vi
380 3185 451 3248 alias
472 3185 620 3246 voluntate
642 3187 767 3264 imperio
784 3203 838 3247 suo
854 3183 993 3259 adiungit,
1010 3183 1089 3242 omni

108 3269 261 3332 Numidiae
271 3273 421 3342 imperare
426 3275 519 3346 parat.
542 3267 699 3339 Adherbal,
717 3270 831 3330 tametsi
845 3267 968 3328 Romam
979 3263 1115 3342 legatoss

109 3354 245 3423 miserat,
268 3354 319 3431 qui
340 3359 472 3414 senatum
495 3352 636 3414 docerent
650 3353 686 3414 de
701 3353 791 3414 caede
806 3351 905 3411 fratris
919 3354 948 3410 et
964 3348 1089 3412 fortunis

109 3437 184 3506 suis,
204 3442 303 3497 111111
320 3435 412 3498 fretus
425 3435 611 3498 multitudine
630 3437 760 3500 militum
774 3433 1017 3514 parabaturadxs
1031 3447 1109 3485 eou-
