2422 3854
270 227 315 271 nn
332 225 437 273 sunno
459 226 661 273 rrovanrnuo
683 227 712 272 ο.
734 221 778 275 to.
798 220 843 274 ar.
864 220 908 273 22.
1037 211 1075 272 bi

98 375 143 454 gis
162 393 250 455 quam
265 375 397 438 Numidis
411 375 503 437 botua
519 383 595 448 eret,
617 375 728 455 legatos
745 376 783 437 ad
796 375 970 455 Iugurtham
983 376 1020 437 de
1033 378 1078 439 in·

96 458 180 520 iuriis
201 465 337 539 questum
356 459 441 520 misit.
465 456 523 532 our
538 461 653 522 tametsi
674 458 883 522 contumehosa
893 460 971 523 dicta
984 468 1079 523 rettu-

96 541 206 620 lerant,
235 544 318 621 prius
338 549 435 603 umen
455 544 553 605 omnia
566 544 626 622 pati
646 543 774 605 demerit
800 561 888 623 quam
901 541 1014 604 bellum
1028 561 1077 605 su·

97 642 195 694 mere,
221 626 288 704 quia
315 631 488 704 temptatum
509 635 594 689 antea
615 644 701 688 secus
731 634 867 688 cesserat.
918 627 1020 706 Neque
1043 639 1105 688 eoo

73 709 192 785 emagis
207 709 312 786 cupido
326 709 486 788 Iugurdrae
502 709 698 780 minuebatur,
717 711 825 790 quippe
840 711 890 789 qui
904 717 997 772 totum
1015 713 1077 773 eius

96 807 222 868 regnum
243 793 341 853 animo
361 794 420 854 iam
441 794 595 855 invaserat.
629 792 730 873 ltaque
743 810 814 861 non,
836 794 879 854 uti
900 801 994 863 antea,
1010 803 1104 855 cumr

96 875 281 953 praedatoria
299 893 404 946 manu,
424 885 473 938 set
498 893 606 954 magno
629 877 760 938 exercitu
782 883 941 954 conparato
966 876 1077 939 bellum

96 974 202 1034 gerere
225 961 322 1038 coepit
343 966 373 1022 et
393 966 495 1039 aperte
514 962 603 1021 totius
623 959 777 1022 Numidiae
788 959 945 1037 imperium
965 971 1076 1038 petere.

98 1039 235 1103 (ictuum
250 1060 306 1127 qua
323 1042 481 1122 pergebat,
497 1042 580 1104 urbis
594 1059 682 1120 agros
696 1049 820 1111 restam,
834 1043 959 1121 praedas
974 1058 1104 1120 agerem

62 1125 157 1185 :esuis
170 1126 314 1195 animum,
336 1125 471 1187 hostibus
483 1132 631 1188 terrmem
648 1142 766 1203 augere.
797 1124 945 1188 Adherbal
966 1126 1018 1188 ubi
1033 1128 1077 1188 in·
1087 1124 1126 1190 21

97 1205 207 1284 tellegit
229 1226 264 1270 eo
284 1226 469 1287 processum,
492 1211 536 1271 uti
549 1225 676 1288 regnum
696 1216 747 1272 aut
759 1208 985 1289 relinquendum
1001 1217 1078 1271 esset

96 1297 147 1351 aut
161 1292 251 1352 armis
265 1292 460 1360 retihendum,
478 1295 644 1354 necessario
660 1293 757 1371 copias
771 1299 856 1371 parat
870 1299 900 1354 et
915 1293 1075 1369 Iugurthae

96 1373 200 1434 obvius
220 1374 363 1451 procedit.
396 1374 518 1435 Interim
538 1374 610 1436 haut
629 1373 835 1452 longeamari
855 1393 948 1455 prope
969 1375 1103 1442 Cirtam

97 1456 238 1535 oppidum
257 1458 411 1537 utriusque
433 1458 579 1520 exercitus
602 1457 733 1519 consedit
773 1464 802 1519 et
821 1458 888 1536 quia
904 1459 961 1519 diei
982 1466 1077 1522 extre·

62 1557 179 1602 remum
200 1546 276 1611 crat,
305 1541 450 1619 proelium
471 1558 532 1602 non
550 1542 710 1619 inceptum.
756 1541 808 1602 Set
833 1540 885 1602 ubi
904 1540 1078 1622 plerumque

94 1624 189 1684 noctis
199 1626 352 1702 processit,
372 1624 499 1686 obscuro
513 1625 664 1686 etiamtum
675 1623 786 1686 lumine
798 1623 903 1686 milites
913 1626 1078 1703 Iugurthini

95 1708 179 1783 signo
192 1707 259 1768 dato
266 1714 361 1769 eastra
366 1706 496 1770 hostium
507 1709 660 1770 invadunt:
673 1709 865 1770 semisomnos
876 1710 983 1789 partim
1006 1709 1077 1770 ahos

96 1806 178 1851 arma
200 1791 341 1851 sumentis
362 1790 464 1868 lugent
484 1791 686 1870 funduntque:
714 1790 861 1853 Adherbal
889 1809 956 1853 oum
976 1794 1077 1872 paucis

96 1871 243 1950 equitibus
265 1872 373 1934 Cirtam
387 1873 532 1952 profugit,
555 1880 583 1934 et
602 1875 634 1935 ni
648 1872 804 1936 multitudo
818 1881 987 1952 togatorum
1005 1876 1076 1937 iuis·

60 1961 153 2025 soset,
182 1973 257 2034 quae
279 1955 419 2019 Numidas
440 1957 620 2037 insequentis
647 1957 802 2019 moenibus
823 1957 989 2035 prohibuit,
1017 1975 1076 2019 uno

94 2039 141 2099 die
156 2040 233 2099 inter
249 2040 323 2100 duos
338 2058 425 2119 reges
441 2047 578 2120 coeptum
595 2047 684 2121 atque
706 2047 854 2119 patratum
868 2039 979 2102 bellum
989 2041 1076 2103 iuret.

93 2123 185 2198 Igitur
203 2121 345 2200 Iugurtha
367 2125 508 2205 oppidum
525 2124 720 2195 circumsedit,
734 2125 825 2187 vIneis
842 2124 1032 2205 turribusque
1049 2131 1102 2192 eto

92 2205 235 2266 machinis
250 2208 381 2268 omnium
394 2224 538 2284 generum
555 2224 725 2288 expugnare
745 2207 924 2285 adgreditur,
939 2227 1076 2271 maxume

93 2288 234 2350 festinans
248 2296 366 2366 tempus
379 2289 545 2365 legatorum
560 2299 744 2369 antecapere,
761 2308 835 2368 quos
849 2298 916 2352 ante
929 2290 1076 2370 proelium

59 2370 205 2432 selectum
226 2369 263 2430 ab
286 2371 451 2433 Adherbale
469 2372 593 2434 Romam
610 2375 715 2433 missos
741 2373 898 2434 audiverat.

179 2452 230 2514 Set
242 2461 397 2534 postquam
411 2461 529 2515 senatus
543 2455 666 2516 debello
678 2472 781 2515 eorum
795 2455 916 2533 accepit,
928 2462 990 2516 tres
1003 2457 1103 2525 adu-4

93 2536 238 2599 lescentes
252 2538 282 2598 in
299 2537 426 2599 Africam
439 2537 593 2616 legantur,
613 2539 663 2617 qui
680 2537 783 2598 ambos
799 2554 886 2615 reges
900 2539 1014 2610 adeant,
1030 2557 1075 2600 se·
1168 2553 1170 2557 ·

93 2628 180 2681 natus
199 2621 358 2700 popudique
377 2621 502 2683 Romani
523 2620 620 2683 verbis
636 2622 786 2682 nuntient:
808 2619 882 2682 velle
899 2630 928 2682 et
943 2640 1074 2692 censere,

91 2723 145 2768 eos
161 2704 200 2767 ab
220 2707 311 2767 armi:
331 2705 485 2769 discedere
508 2705 561 2789 [de
581 2706 793 2768 conuororsiis
812 2707 874 2767 suis
894 2707 960 2768 iure
980 2703 1132 2788 potIus22

60 2806 181 2893 aequam
193 2786 272 2849 bello
284 2788 479 2872 disceptare]:
501 2794 542 2854 ita
554 2808 646 2869 seque
656 2788 773 2870 illisque
785 2788 906 2867 dignum
918 2809 993 2854 esse.
1022 2794 1077 2856 Le·

98 2877 157 2957 gati
170 2876 201 2937 in
217 2875 346 2937 Airioam
360 2883 540 2939 maturantes
555 2879 683 2947 veniunt,
703 2894 737 2938 eo
754 2876 847 2952 magis
863 2876 942 2954 quod
957 2875 1077 2947 Romae,

99 2961 169 3022 dum
185 2959 332 3037 proticisci
345 2966 458 3038 parant,
475 2959 512 3022 de
523 2961 635 3039 proelio
650 2960 726 3021 iacto
741 2965 771 3021 et
784 2959 1001 3038 obpugnatione
1017 2960 1078 3021 Cir-

99 3051 145 3105 tae
162 3042 350 3104 audIebatur:
365 3048 410 3102 set
424 3043 448 3102 is
461 3059 564 3105 rumor
578 3044 705 3106 clemens
719 3049 791 3104 erat.
825 3041 956 3112 Quorum
970 3043 1074 3119 Iugur·
1088 3055 1105 3103 2

100 3126 150 3187 tha
165 3131 286 3203 accepte
301 3127 433 3186 oratione
449 3126 616 3202 respondit:
630 3125 686 3186 sihi
701 3144 798 3205 neque
812 3127 906 3187 maius
922 3126 1078 3202 quicquam

65 3224 89 3267 u
99 3226 196 3288 neque
215 3211 311 3270 carius
323 3207 497 3270 auctoritate
508 3213 627 3269 senatus
636 3226 715 3271 esse:
729 3210 765 3272 ab
773 3207 970 3270 adulescentia
991 3208 1031 3266 ita
1047 3224 1079 3268 se

100 3294 228 3362 enisum,
243 3299 276 3352 ut
290 3291 326 3352 ab
344 3297 464 3370 optumo
482 3307 598 3370 quoque
610 3290 800 3367 probaretur:
820 3293 926 3351 virtute
940 3306 1000 3348 non
1016 3307 1078 3350 ma·

98 3375 158 3437 litia
178 3373 211 3436 P.
235 3374 378 3455 Scipioni,
401 3391 515 3435 summo
536 3375 615 3444 viro,
635 3373 794 3452 placuisse:
815 3372 853 3433 ob
868 3372 986 3434 easdem
1007 3375 1078 3435 artIs

99 3476 116 3520 a
137 3461 274 3540 llicipsa,
299 3474 361 3519 non
380 3457 520 3537 paenuria
533 3455 708 3531 liberorum,
725 3459 903 3535 teregnum
912 3456 1099 3530 adeptum

98 3559 178 3603 esse:
199 3548 329 3606 ceterum
353 3561 412 3625 quo
433 3541 524 3626 plura
541 3541 625 3610 hene
647 3550 743 3626 atque
760 3548 893 3604 suenus
906 3537 1061 3598 receset„
1083 3538 1155 3582 m

942 3636 989 3696 υ
