2422 3854
168 192 227 253 110
429 204 611 250 curiosus
632 205 674 246 uu
695 204 875 248 uriarum

166 372 240 435 quac
259 361 322 415 tum
340 353 495 414 formidine
516 358 662 414 mercatus
683 370 758 425 sum,
768 339 869 431 precio
890 349 985 413 soluto
1003 354 1071 415 iure
1090 354 1143 417 do-

164 440 270 508 minus,
293 442 393 497 tamen
406 437 651 514 restituamque
675 436 735 513 pati
759 434 911 497 consilium
933 442 977 496 est
995 434 1086 500 ullam
1106 457 1142 501 ex

115 534 146 586 10
165 520 276 583 civibus
295 519 436 598 praedam
456 537 529 580 esse.
576 518 651 579 Satis
667 517 715 579 illa
731 518 849 588 luerint,
873 536 948 597 quae
967 517 1051 581 rabie
1070 538 1143 583 con-

163 610 256 665 tracta
280 602 480 673 toleravimus,
507 618 611 663 manus
634 602 815 663 conserentis
841 602 918 663 inter
937 619 970 664 sc
991 603 1143 666 Romanos

164 687 309 749 exercitus
328 693 357 748 et
377 703 459 748 arma
480 685 516 746 ab
538 685 666 746 externis
686 685 716 745 in
737 691 852 746 uosmet
873 702 968 747 vorsa.
989 685 1163 751 Sceleruma

164 778 192 830 et
209 769 450 831 contumeliarum
471 770 601 830 omnium
622 768 688 830 linis
709 768 754 829 sit.
782 767 913 840 Quorum
933 770 1006 831 adeo
1031 770 1142 832 Sullam

162 870 222 913 non
244 853 385 932 paenitet,
409 859 442 914 ut
459 859 488 914 et
505 852 581 914 lacta
601 853 630 913 in
649 850 740 929 gloria
762 858 897 913 numeret
932 858 972 927 et,
998 854 1023 914 si
1044 853 1140 924 liceat,

163 937 272 998 avidius
292 937 403 998 iecerit.

112 1029 145 1081 20
246 1019 348 1099 Neque
368 1020 426 1080 iam
441 1020 510 1098 quid
532 1020 708 1080 existumetis
730 1017 767 1079 dc
786 1017 845 1089 illo,
864 1024 909 1080 set
928 1025 1069 1097 quantum
1088 1037 1141 1081 au-

162 1103 253 1165 deatis
275 1119 396 1164 vereor:
415 1119 453 1162 ne
475 1100 547 1163 alius
568 1099 656 1162 alium
675 1101 839 1180 principem
865 1107 1052 1181 expectantes
1072 1109 1172 1166 antero

162 1186 314 1264 capiamini
338 1218 372 1229 —
394 1190 458 1244 non‘
475 1185 579 1262 opibus
602 1186 676 1254 cius,
706 1202 780 1263 quae
802 1183 898 1246 sutiles
924 1193 953 1247 et
976 1193 1141 1264 conruptae

161 1273 243 1335 sunt,
271 1273 315 1329 set
337 1273 433 1329 vostra
467 1266 616 1337 socordia,
652 1285 740 1346 quam
771 1277 889 1348 captum
923 1269 968 1330 ire
1001 1265 1070 1330 licet
1110 1276 1141 1331 et

111 1371 141 1421 21
162 1367 249 1429 quarn
276 1351 383 1412 audeas
410 1358 469 1411 tam
488 1351 580 1413 videri
599 1350 723 1414 felicem.
768 1350 842 1412 Nam
862 1358 978 1430 praeter
1001 1350 1140 1414 satellites

162 1434 377 1497 conmaculatos
398 1436 462 1513 quis
479 1435 581 1496 eadem
600 1434 668 1503 volt,
692 1441 742 1495 aut
759 1436 823 1513 quis
840 1452 900 1495 non
914 1436 1011 1497 omnia
1028 1441 1140 1497 mutata

160 1524 278 1595 praeter
294 1519 454 1579 victorem?
476 1517 591 1580 Scilicet
606 1517 719 1589 milites,
742 1536 867 1597 quormn
882 1520 1023 1598 sanguine
1044 1518 1171 1581 'lacu-ra

160 1601 205 1662 lae
236 1602 403 1679 Scirtoque,
430 1602 573 1680 pessumis
591 1619 759 1671 servorum,
787 1601 900 1663 divitiae
927 1607 1029 1679 partae
1059 1606 1138 1664 sunt.

160 1682 204 1743 An
226 1683 331 1762 uiribus
357 1683 504 1762 praelatus
526 1685 556 1745 in
580 1684 796 1762 magistratibus
818 1685 967 1762 capiundis
995 1685 1139 1756 Fufidius,

110 1784 142 1837 22
160 1766 263 1828 ancilla
284 1769 387 1846 turpis,
410 1768 556 1830 bonorum
578 1770 707 1830 omnium
730 1767 1037 1830 dehonestamentuml
1080 1767 1139 1830 lta·

160 1868 217 1928 que
236 1869 402 1912 maxumam
428 1853 498 1913 mihi
524 1851 660 1915 fiduciam
686 1852 763 1931 parit
787 1853 878 1913 victor
901 1852 1062 1921 exercitus,
1091 1853 1139 1913 cui

158 1950 212 2011 per
242 1941 283 1994 tot
310 1934 428 1996 volnera
455 1946 483 1996 et
504 1935 620 1997 labores
640 1935 711 1996 nihil
732 1941 850 2014 praeter
872 1942 1027 2015 tyrannum
1049 1952 1174 2014 quae-ao

108 2033 141 2086 23
158 2019 245 2078 situm
268 2024 320 2079 est.
339 2017 399 2080 Nisi
420 2018 496 2080 forte
517 2019 702 2080 tribuniciam
723 2024 896 2098 potestatem
917 2035 1053 2081 evorsum
1067 2036 1137 2097 pro-

158 2100 226 2161 iecti
248 2107 329 2171 sunt,
356 2118 410 2180 per
435 2119 515 2162 arma
538 2102 684 2163 conditam
705 2122 722 2165 a
742 2102 912 2165 maioribus¹
927 2103 1003 2173 suis,
1035 2102 1137 2181 utique

158 2183 223 2243 iura
244 2189 273 2244 et
291 2182 395 2244 iudicia
416 2184 532 2246 sibimet
553 2192 778 2266 extorquerent:
801 2187 918 2265 egregia
933 2184 1043 2247 scilicet
1057 2202 1136 2246 mer·

159 2265 239 2337 cede,
262 2284 329 2328 cum
350 2265 470 2348 relegati
491 2271 520 2329 in
538 2268 660 2348 paludes
679 2276 708 2332 et
725 2270 810 2331 silvas
831 2268 1035 2331 contumeliam
1049 2273 1137 2348 atque

108 2363 140 2411 24
157 2350 294 2411 invidiam
309 2369 407 2421 suam,
422 2354 551 2430 praemia
566 2370 657 2430 penes
674 2371 784 2432 paucos
800 2352 1003 2430 intellegerint.
1025 2351 1088 2424 Qua
1103 2369 1169 2413 roos

158 2435 245 2510 igitur
267 2441 348 2494 tanto
368 2437 483 2512 agmine
504 2443 591 2515 atquc
613 2437 716 2499 animis
736 2436 862 2498 incedit?
896 2434 969 2506 Quia
989 2435 1137 2498 secundae

157 2534 206 2578 res
224 2519 298 2578 mire
317 2525 385 2579 sunt
406 2521 479 2580 vitiis
501 2521 647 2599 optenlui:
671 2520 776 2600 quibus
793 2516 946 2581 labefactis
969 2524 1057 2599 qulam
1074 2518 1136 2578 lor·

157 2601 282 2662 midatus
304 2607 347 2663 est
362 2608 421 2663 tam
437 2610 656 2666 contemnetur:
677 2605 733 2664 nisi
749 2603 826 2664 forte
842 2603 940 2680 specie
961 2601 1136 2664 concordiae

158 2690 186 2745 et
204 2686 293 2762 pacis,
317 2703 392 2764 quae
411 2686 513 2748 sceleri
535 2696 564 2749 et
580 2687 720 2765 paricidio
735 2703 788 2747 suo
808 2686 926 2747 nomina
943 2686 1062 2747 indidit:
1082 2703 1135 2747 nc·

159 2786 215 2844 que
241 2767 324 2829 aliter
346 2770 577 2848 rempublicam
599 2777 628 2831 et
654 2767 723 2830 belli
743 2769 832 2830 finem
855 2770 908 2838 ait,
942 2770 998 2830 nisi
1019 2774 1168 2831 maneatur

158 2848 277 2928 expulsa
300 2853 377 2928 agris
393 2851 509 2931 plebes,
533 2852 642 2932 pracda
656 2852 746 2914 civilis
762 2852 976 2922 acerbissuma,
999 2853 1044 2913 ius
1058 2853 1136 2912 iudi·

157 2935 292 3013 ciumque
313 2937 443 2998 omnium
465 2955 564 3000 rerum
593 2954 684 3015 penes
704 2955 752 3008 se,
779 2936 857 3016 quod
885 2935 985 3016 populi
1008 2933 1136 2996 Romani

106 3031 138 3083 25
156 3017 219 3080 suit.
257 3016 337 3089 Quae
359 3021 383 3080 si
406 3020 487 3083 vobis
509 3039 565 3100 pax
595 3026 623 3080 et
649 3022 798 3101 conposita
821 3019 1045 3097 intelleguntur,
1072 3035 1135 3080 ma-

155 3121 243 3165 xuma
269 3103 453 3165 turbamenta
475 3106 519 3165 rei
537 3103 673 3182 publicae
703 3111 790 3184 atque
815 3104 900 3166 exitia
921 3102 1059 3182 probate,
1083 3104 1134 3164 ad·

156 3189 236 3248 nuite
249 3187 363 3264 legibus
376 3188 522 3268 inperitia,
545 3189 666 3267 accipite
680 3190 771 3250 otium
791 3204 857 3249 cum
877 3186 1003 3256 servitio,
1027 3190 1056 3246 et
1074 3192 1135 3248 tra·
1150 3206 1173 3249 aa

157 3269 216 3332 dite
231 3271 397 3349 exemplum
411 3273 536 3349 posteris
556 3274 592 3334 ad
612 3271 840 3350 rempublicam
858 3271 963 3331 suimet
983 3272 1136 3345 sanguinis

106 3366 139 3419 26
156 3354 293 3417 mercede
307 3355 601 3419 circumveniendam.
623 3357 706 3434 Mihi,
725 3372 900 3437 quamquam
914 3370 967 3431 per
983 3351 1040 3413 hoc
1054 3370 1136 3416 sum·

156 3455 237 3499 mum
247 3440 481 3522 imperiumsatis
492 3443 654 3526 quaesitum
671 3448 733 3505 erat
746 3439 855 3502 nomini
871 3439 1024 3509 maiorum,
1041 3436 1136 3516 digni·
