2422 3854
305 198 349 240 nu
362 198 465 241 succo
483 192 802 245 rvovsrnruoo.101.
820 191 880 246 102·
1026 185 1080 245 101

103 349 141 407 dt
160 345 316 423 Iugurtha,
340 346 411 408 dum
432 354 596 410 sustentare
617 364 685 409 suos
709 355 738 409 et
758 363 851 426 prope
873 348 930 408 iam
951 347 1114 427 adeptamo

104 430 255 490 victoriam
268 431 398 491 retinere
412 432 491 509 cupit
512 433 727 493 circumventus
745 429 781 491 ab
805 430 960 511 equitibus,
984 431 1086 496 dextra

106 513 223 575 sinistra
239 513 376 574 omuibus
390 514 494 575 occisis
509 513 589 575 solus
604 516 679 575 inter
697 513 753 574 tela
768 514 896 575 hostium
910 514 1086 576 unhunuus

104 597 240 675 erumpit.
274 596 368 676 Atque
389 598 506 658 iuterim
527 597 635 659 Murius
657 597 763 674 sugatis
786 597 1127 676 equitibusudeurritro

80 678 211 741 sauxilio
226 682 295 751 suis,
312 698 385 760 quos
404 679 474 758 pelli
487 682 546 742 iam
566 689 729 758 acceperat.
761 680 892 759 Denique
907 682 1007 743 hostes
1028 683 1085 742 iam

102 763 232 841 undiquc
250 764 316 825 lusi.
348 764 425 826 'lum
443 764 643 842 spectaculum
657 763 799 825 horribile
813 766 843 824 in
860 767 969 842 campis
984 771 1125 843 pateo-11

102 845 196 906 tibus:
215 848 298 926 sequi
312 846 431 926 fugere,
451 848 545 909 occidi
561 850 641 927 capi:
661 848 729 928 equi
742 853 830 927 atque
847 848 901 908 riri
915 847 1032 918 adflicti,
1051 865 1085 908 ac

101 928 186 990 multi
207 928 376 992 volneribus
396 933 523 1010 acceptis
540 949 637 1011 neque
652 933 756 1010 lugere
775 947 863 1010 posse
884 947 981 1009 neque
1004 932 1085 1009 quie-

101 1019 163 1072 tem
181 1015 258 1090 pati,
277 1015 329 1073 niti
349 1014 437 1074 modo
459 1031 493 1074 ac
508 1018 606 1075 statim
620 1014 789 1075 concidere:
804 1020 954 1091 postremo
978 1015 1083 1082 omnia,

68 1111 92 1151 ro
103 1113 161 1174 qua
181 1097 260 1156 visus
281 1103 353 1167 erat,
377 1104 524 1158 constrata
542 1097 608 1158 telis
626 1098 715 1157 armis
734 1095 938 1166 cadaveribus,
963 1103 993 1157 et
1009 1097 1085 1156 inter

103 1197 138 1240 ea
152 1177 260 1240 humus
273 1179 382 1240 iniecta
399 1182 550 1257 sanguino.

129 1270 132 1275 '
187 1262 258 1322 Post
273 1279 307 1322 ea
321 1261 380 1322 loci
394 1263 497 1323 consul
516 1263 587 1324 haut
604 1263 692 1324 dubie
705 1264 763 1323 iam
777 1264 869 1323 victor
887 1264 1021 1341 pervenit
1033 1264 1063 1322 iu
1075 1257 1133 1322 102

105 1344 245 1425 oppidum
267 1343 384 1413 Gumm,
404 1363 463 1423 quo
480 1347 562 1406 initio
582 1345 733 1424 proiectus
749 1347 923 1407 intenderat.
960 1345 1002 1406 Eo
1019 1353 1111 1424 poste

103 1429 183 1489 diem
193 1428 328 1506 quintum
340 1444 428 1506 quam
442 1430 549 1489 iterum
559 1428 679 1490 barbari
693 1428 768 1489 male
782 1436 984 1506 pugnaverant
998 1428 1086 1506 legati

69 1529 120 1573 rsa
131 1511 250 1574 Boccho
265 1513 394 1582 veniunt,
413 1514 462 1592 qui
483 1513 562 1591 rogis
581 1512 678 1574 verbis
693 1511 730 1572 ab
744 1512 835 1573 Mario
849 1512 988 1590 petivere,
1013 1512 1086 1571 duos

104 1611 192 1672 quam
209 1594 375 1657 fidissumos
397 1595 433 1656 ad
455 1613 523 1658 eum
540 1599 682 1657 mitteret:
703 1594 777 1657 velle
792 1595 829 1656 do
845 1613 877 1657 sc
892 1602 921 1656 et
934 1595 971 1656 do
984 1594 1086 1673 populi

102 1677 228 1740 Romani
243 1681 396 1741 commodo
415 1680 537 1741 cumeis
551 1680 705 1741 disserere.
739 1679 791 1740 Illo
811 1681 907 1740 statim
925 1679 958 1740 L.
974 1677 1110 1740 Sudamt

103 1768 132 1822 et
149 1763 182 1822 Α.
206 1760 345 1823 Manlium
365 1765 410 1824 ire
427 1764 517 1825 iubet.
555 1764 611 1834 Qui
628 1781 803 1844 quamquam
826 1765 909 1823 acciti
929 1763 1024 1831 ibant,
1042 1768 1085 1822 ta·

105 1862 173 1906 men
195 1845 307 1923 placuit
328 1845 418 1906 verba
441 1846 518 1926 apud
539 1862 641 1923 regem
662 1845 773 1916 iacere,
801 1847 843 1905 uti
864 1846 1014 1922 ingenium
1035 1851 1085 1905 aut

69 1953 94 1994 m
104 1945 241 1989 avorsum
253 1929 422 1997 flecterent,
446 1936 496 1991 aut
511 1928 649 2008 cupidum
666 1931 746 2007 pacis
763 1929 961 1989 vehementius
977 1927 1084 1988 adcen-

103 2011 216 2073 derent.
248 2012 350 2091 ltaque
368 2011 463 2084 Sulla,
481 2015 564 2074 cuius
578 2012 746 2083 facundiae,
768 2029 829 2072 non
844 2013 930 2072 aetati
947 2027 962 2070 a
977 2009 1111 2073 Manlios

104 2112 285 2166 concessum,
308 2113 402 2174 pauca
426 2096 517 2157 verba
536 2097 659 2158 huiusce
678 2096 758 2156 modi
776 2095 906 2157 locutus:

188 2178 260 2238 ‘Rex
274 2179 400 2248 Boccho,
417 2197 523 2258 magna
539 2180 646 2241 laetitia
668 2179 754 2241 nohis
770 2186 826 2249 est,
863 2195 931 2238 cum
948 2187 977 2238 te
995 2177 1110 2243 talem5

103 2264 199 2322 virrnn
215 2261 261 2321 dei
278 2277 421 2322 monuere
435 2265 478 2323 uti
498 2262 653 2341 aliquando
670 2279 774 2339 pacem
789 2279 877 2341 quam
888 2261 1000 2322 bellum
1012 2260 1085 2320 rual-

69 2343 147 2410 csles
167 2361 226 2405 neu
247 2351 279 2404 te
295 2350 449 2422 optumum
472 2361 540 2406 cum
560 2361 699 2422 pessumo
719 2345 850 2404 omnium
860 2343 1002 2420 Iugurtha
1015 2344 1085 2402 mis·

108 2428 204 2489 condo
218 2427 455 2499 conmaculcros,
478 2429 564 2489 simul
585 2429 671 2491 nobis
694 2430 830 2492 demeres
844 2431 984 2493 acerbam
998 2450 1100 2495 neces·

109 2511 276 2583 situdinem,
293 2515 404 2593 pan'ter
422 2518 452 2573 to
469 2521 619 2575 errantem
635 2521 724 2594 atque
735 2513 820 2577 illum
831 2514 1100 2578 sceleratissumum

113 2598 261 2677 persequi.
299 2596 344 2657 dd
362 2596 421 2658 lroc
441 2596 551 2676 populo
570 2596 730 2658 Romano
721 2615 813 2659 mma
833 2598 977 2677 principio
988 2600 1120 2675 imperio

113 2678 217 2740 melius
234 2681 328 2741 risum
348 2682 458 2742 amicos
473 2699 561 2759 quam
581 2698 682 2742 servos
699 2699 856 2762 quaerere·
876 2682 1026 2761 tutiusque
1037 2683 1095 2743 rati

79 2761 278 2826 accolentibus
298 2783 387 2844 quarn
408 2767 703 2843 coactrsrmpornare
727 2763 795 2824 Tibi
810 2763 972 2827 veronulla
988 2781 1121 2846 opporssr

114 2847 213 2908 tunlor
232 2853 332 2908 nostra
351 2850 491 2919 amicitia,
518 2851 647 2929 primurn
675 2849 742 2928 quia
762 2848 867 2927 procul
885 2847 1039 2918 absumus,
1063 2852 1093 2909 in

114 2947 173 3010 qno
196 2929 336 2993 obleusae
357 2933 535 3003 minumum,
564 2935 657 3010 gratia
684 2950 739 3011 par
761 2935 841 2994 acsi
862 2950 956 3032 prope
977 2933 1093 2993 adesse-

113 3031 195 3084 mus,
212 3014 279 3076 dein
294 3017 362 3094 quia
374 3018 506 3094 parentis
518 3016 635 3079 abunde
650 3015 806 3086 habemus,
823 3019 983 3077 amicorum
997 3034 1094 3093 neque

115 3096 200 3158 nobis
216 3115 312 3177 neque
327 3101 464 3179 cuiquam
481 3102 612 3162 omniurn
625 3103 694 3162 satis
710 3101 772 3162 luit.
802 3100 897 3179 Atque
910 3098 967 3158 hoc
981 3100 1119 3165 utinams

79 3199 131 3244 aaa
148 3182 292 3260 principio
314 3182 367 3244 tibi
388 3184 559 3263 placuisset!
579 3184 713 3264 proiecto
735 3202 771 3246 cx
784 3182 894 3263 populo
909 3180 1042 3241 Romano
1056 3182 1093 3242 ad

114 3263 172 3326 lroc
194 3272 313 3346 tempus
328 3266 422 3329 multo
435 3267 521 3347 plura
536 3268 616 3329 bona
628 3270 806 3348 accepisses,
830 3282 919 3345 quam
933 3263 1008 3324 mala
1023 3282 1093 3343 per·

113 3366 217 3426 pessus
237 3367 279 3412 es
307 3351 359 3412 Set
374 3354 511 3431 quoniam
525 3351 721 3413 humanarum
735 3367 837 3412 rerum
851 3349 980 3409 Fortuna
994 3347 1091 3427 plera·
1078 3365 1119 3417 ·o

114 3449 171 3512 quc
191 3434 282 3509 regit,
310 3436 357 3495 cui
378 3435 489 3498 scilicet
508 3435 618 3514 placuit
640 3441 668 3497 et
688 3437 747 3496 vim
768 3439 797 3494 et
818 3433 941 3512 gratiam
960 3439 1093 3494 nostran
