2422 3854
104 101 124 160 2
244 118 287 159 nn
312 115 486 159 carrenses
509 113 810 158 commemorns.
832 107 859 157 2.
880 106 906 159 3.
925 107 952 158 4.

106 283 154 329 res
168 266 314 327 humanae
328 263 486 333 baberent,
504 282 601 343 neque
615 262 694 324 aliud
709 261 765 323 alio
780 260 854 323 ferri
867 275 963 341 neque
978 265 1051 323 muta

80 368 141 416 aao
154 349 273 410 misceri
287 349 383 408 omnia
399 364 545 408 cerneres.
565 341 803 424 Namimporium
819 344 903 406 facile
920 345 962 406 eis
973 344 1050 407 artil)

80 435 258 502 eratinetur,
281 430 388 509 quibus
402 431 483 491 initio
504 437 621 509 partum
644 436 695 493 est.
718 430 828 490 Verum
843 427 894 488 ubi
909 446 966 508 pro
983 426 1050 489 labo

109 516 234 586 desidia,
257 532 313 595 pro
328 515 506 576 continentia
522 520 551 576 et
565 515 710 594 aequitate
727 511 828 575 lubido
845 518 933 591 atque
948 511 1089 591 superi,
1114 565 1129 577 ,

80 601 254 669 oinvasere,
289 597 406 659 fortuna
439 596 525 659 simul
557 615 625 658 cum
655 596 788 658 moribus
816 597 987 657 inmutetur.
1046 566 1147 724 ζέ

106 683 266 762 imperium
280 699 343 743 sem
381 699 397 742 r
424 681 461 742 ad
489 688 641 760 optumum
667 699 813 760 quemque
840 699 856 740 a
882 679 980 741 uulnus
1009 678 1123 788 bo}¹

105 764 293 827 transfertur.
316 699 395 910 ΖΠ
1132 766 1147 805 “

81 864 97 914 7
192 849 273 920 Quae
294 850 314 910 h
366 850 373 863 '
397 867 428 909 es
443 857 528 910 arant
542 850 678 925 navigant
695 847 856 916 aedificant,
878 845 978 907 virtuti
991 862 1118 922 omna,

82 939 221 1013 aparent.
262 933 313 994 Set
329 931 413 993 multi
427 931 670 1008 mortales‚dediti
684 931 779 992 ventri
797 936 886 1010 atque
902 944 1021 999 somno,
1045 934 1096 991 in·

106 1018 185 1078 docti
198 1015 358 1093 incultique
371 1016 460 1075 vitam
479 1017 564 1077 sicuti
576 1016 798 1093 peregrinantes
811 1014 966 1075 transiere:
983 1012 1097 1092 quibus
1106 1036 1132 1083 ιο

105 1099 239 1180 proiecto
257 1105 359 1159 contra
373 1105 509 1160 naturam
521 1116 629 1178 corpus
642 1097 795 1177 voluptati,
813 1098 909 1158 anima
925 1097 1010 1157 oneri
1025 1095 1095 1159 luit.

105 1183 218 1244 Eorum
236 1197 292 1260 ego
311 1183 399 1243 vitam
418 1189 603 1262 mortemque
624 1184 702 1243 iuxta
724 1186 865 1250 aestumo,
890 1179 1031 1260 quoniam
1055 1179 1098 1244 de

81 1272 233 1345 eutraque
253 1264 364 1327 siletur.
408 1264 518 1328 Verum
540 1268 688 1328 enimvero
709 1265 734 1326 is
756 1265 876 1328 demum
897 1263 970 1324 miln
990 1264 1096 1326 vivere

107 1356 195 1430 atque
211 1349 270 1411 inti
285 1350 383 1412 meiana
397 1351 528 1420 videtur,
545 1352 596 1430 qui
614 1348 710 1428 aliquo
725 1349 843 1425 negotio
860 1349 991 1409 intentus
1004 1364 1099 1424 prae-

107 1433 179 1496 clari
191 1434 331 1495 ianitoris
346 1439 397 1494 aut
410 1435 481 1494 artie
494 1434 592 1495 bonae
605 1433 713 1494 innam
727 1433 852 1511 quaerit.
874 1431 924 1492 Set
937 1432 968 1491 in
984 1444 1132 1508 magnau

107 1519 191 1596 copia
208 1532 312 1577 rerum
330 1515 408 1576 alitro
430 1516 478 1577 alii
498 1522 603 1577 natura
628 1518 683 1576 iter
705 1514 839 1576 monuit.
1084 1521 1094 1547 '³

77 1599 96 1660 3
192 1598 335 1660 reiorum
352 1606 397 1659 est
415 1597 493 1662 bena
506 1599 605 1661 laeuo
624 1601 669 1660 rei
686 1597 837 1676 publicae,
855 1599 941 1675 mam
956 1596 1034 1659 bene
1048 1597 1100 1660 di·

109 1700 178 1745 cere
197 1681 270 1743 beart
290 1681 453 1744 abundum
475 1690 534 1745 eet:
562 1682 610 1744 vel
630 1694 704 1762 pace
725 1681 771 1742 vel
792 1680 869 1742 bello
894 1679 1007 1742 clarum
1028 1680 1100 1745 ieri

106 1766 189 1828 licet:
205 1773 235 1827 et
252 1766 302 1846 qni
318 1764 417 1828 iecere
432 1774 461 1828 et
475 1769 525 1846 qul
538 1765 615 1828 iacta
631 1766 756 1827 abortum
769 1767 917 1844 scripnme
929 1762 1015 1824 multi
1030 1763 1099 1828 lu·

84 1851 228 1913 edantur.
262 1850 304 1912 Ao
320 1850 392 1911 milti
407 1852 541 1931 quidem,
557 1850 670 1911 smeret
683 1849 902 1928 hautquaquam
923 1865 978 1928 par
999 1846 1133 1924 glorian

108 1935 241 2012 sequium
254 1935 429 2011 scriptorem
445 1941 474 1996 et
488 1940 618 1994 actorem
632 1932 755 2010 serrensi
768 1938 866 1994 tamen
883 1935 914 1993 in
929 1932 1032 2011 primis
1045 1950 1099 1994 ar-

110 2018 202 2078 duum
217 2015 331 2076 videtur
351 2032 401 2077 res
420 2023 517 2094 gestas
531 2014 677 2094 scribere,
698 2017 827 2093 primurn
844 2017 924 2097 quod
942 2015 1018 2076 lacta
1033 2015 1100 2079 dic·

109 2102 146 2161 tis
168 2099 358 2177 exaequanda
376 2106 460 2170 sunt,
482 2100 588 2162 dehine
600 2101 668 2179 quia
681 2096 815 2178 plerique
833 2117 908 2179 quae
927 2098 1032 2161 delicta
1046 2117 1099 2163 re·

109 2182 303 2264 prehenderis
329 2181 524 2245 malivolentia
553 2190 582 2246 et
604 2183 710 2246 invidia
733 2182 809 2243 dieta
830 2190 948 2261 putant,
977 2182 1029 2244 ubi
1057 2184 1098 2247 de

110 2283 218 2346 magna
239 2268 347 2330 urtute
365 2274 453 2348 atque
477 2267 569 2347 gloria
591 2267 738 2330 hunorum
755 2282 919 2338 memores,
942 2285 1018 2346 quae
1038 2267 1133 2340 sibi„

21 2424 24 2429 Δ
110 2352 234 2431 quisquo
254 2351 350 2414 incilia
371 2351 450 2413 iactu
472 2359 556 2431 putat
573 2368 667 2432 aequo
689 2352 787 2412 animo
809 2351 923 2428 accipit,
947 2367 1037 2426 supra
1060 2370 1100 2414 ea

110 2435 199 2498 veluti
220 2435 289 2499 licta
308 2453 364 2514 pro
383 2435 462 2495 falsis
483 2437 573 2497 ducit.

85 2537 101 2587 3
196 2519 248 2580 Set
269 2534 324 2595 ego
342 2516 580 2579 adulescentulus
595 2517 677 2576 initio
695 2515 780 2574 sicuti
795 2511 929 2592 plerique
944 2513 1040 2575 studio
1057 2519 1099 2581 ad

110 2620 174 2663 rem
190 2601 339 2680 publicam
354 2602 431 2664 lotus
451 2616 531 2670 sum,
555 2600 655 2678 ibique
669 2597 741 2658 mibi
755 2596 846 2658 multa
860 2597 983 2659 advorsa
998 2598 1096 2663 luere.

110 2686 184 2748 Nam
198 2700 255 2764 pro
271 2686 394 2764 pudore,
410 2702 466 2763 pro
480 2684 669 2752 abstinentia,
686 2698 742 2759 pro
757 2682 864 2743 virtute
882 2683 1019 2754 audacia,
1034 2683 1097 2744 lar·
1106 2716 1134 2758 ,ο

87 2770 192 2848 agitio,
207 2769 326 2829 avaritia
342 2768 487 2847 vigebant.
518 2769 599 2840 Quae
614 2767 728 2827 tametsi
742 2766 856 2828 animus
870 2766 1086 2847 aspernabatur

112 2850 242 2914 insolens
258 2851 402 2914 malarum
420 2853 541 2923 artium,
557 2858 655 2912 tamen
676 2851 752 2912 inter
772 2857 852 2912 tanta
870 2854 938 2912 vitia
959 2850 1098 2914 imbecilla

89 2943 195 3004 saetas
218 2936 375 2998 ambitione
391 2943 536 3017 conrupta
549 2934 720 2998 tenebatur:
742 2953 858 3005 acme,
882 2951 950 2995 cum
971 2933 1008 2995 ab
1025 2934 1097 2995 reli-

113 3038 236 3084 cuorum
260 3020 344 3082 malis
364 3021 498 3083 moribus
520 3021 718 3091 dissentirem,
740 3018 832 3080 nihilo
854 3019 952 3078 minus
970 3017 1096 3078 honoris

114 3108 220 3187 cupido
234 3105 336 3168 eadem
350 3107 512 3182 eodemque
523 3122 598 3186 quae
607 3111 721 3168 ceteros
736 3103 814 3164 lama
827 3108 915 3179 atque
929 3100 1035 3161 invidia
1046 3117 1093 3158 ve·
1108 3135 1134 3178 35

36 3261 37 3265 ,
82 3191 209 3253 «trabat.
245 3191 338 3269 Igitur
352 3190 403 3253 ubi
420 3191 534 3253 animus
549 3209 584 3251 ex
601 3190 700 3252 multis
714 3186 839 3247 miseriis
854 3191 941 3264 atque
956 3180 1096 3262 periculis

28 3344 31 3348 ,
114 3274 258 3353 requievit
275 3276 390 3338 etmihi
411 3274 552 3338 reliquam
567 3280 689 3337 aetatem
706 3290 722 3331 a
740 3268 906 3348 republica
921 3265 1026 3348 procul
1043 3265 1096 3327 ha-

113 3357 242 3419 bendam
260 3358 391 3434 decrevi,
414 3378 474 3423 non
493 3361 547 3422 luit
562 3359 713 3423 consilium
728 3354 862 3416 socordia
877 3360 964 3436 atque
986 3349 1096 3415 desidia
