2422 3854
257 183 299 224 nn
316 182 419 224 nunno
436 182 635 226 rvararnrno
652 181 681 226 o.
699 175 756 230 los
772 174 832 230 lot.
849 177 908 229 105.
1013 165 1072 228 10³
1103 237 1108 245 ¹

93 337 142 394 aut
158 329 238 393 utilia
253 338 303 392 aut
317 330 527 392 benivolentiae
550 351 614 395 esse
635 334 807 404 credebant,
831 335 962 395 oratione
982 333 1072 395 extol-

91 415 172 477 lunt:
192 414 259 476 dein
276 413 356 475 Sulla
372 416 468 475 omnia
480 416 609 492 pollicito
627 420 718 487 docti,
740 436 799 497 quo
814 418 902 479 modo
920 418 999 497 apud
1013 417 1072 479 lla·

92 500 184 567 rium,
199 499 269 559 item
285 499 363 575 apud
377 506 510 560 senatum
525 500 613 562 verba
628 500 775 573 lacerent,
792 504 908 564 circiter
923 502 985 564 dies
1002 521 1072 582 qua·

91 583 225 661 draginta
246 581 353 643 ibidem
375 583 556 661 operiuntur.

65 689 78 728 r
175 664 283 727 llarius
296 665 348 727 ubi
363 666 472 728 infecto
489 668 568 746 quod
578 668 743 731 intenderat
753 672 870 747 negotio
882 671 989 732 Cirtam
1008 689 1054 732 re·
1065 673 1121 733 104

91 749 146 811 diit
160 755 190 809 et
205 749 241 810 de
256 750 381 811 adventu
403 749 566 828 legatorum
590 753 697 814 certior
718 753 812 814 factus
834 761 888 830 est,
903 753 1026 836 illosque
1044 766 1073 819 et

91 831 202 893 Sullam
223 835 260 895 ad
281 833 394 896 Uticam
408 834 507 894 venne
528 835 619 907 iubet,
641 837 712 896 item
728 835 760 896 L.
784 835 937 898 Belenum
953 847 1071 919 praeto-

89 934 171 987 rem,
199 923 352 996 praeterea
372 918 466 977 omnis
487 919 617 998 undique
639 920 777 980 senatorii
802 921 926 992 ordinis,
951 923 1071 1000 quibus·

89 1019 158 1063 cum
173 1002 311 1063 mandata
331 1002 442 1062 Bocchi
461 1003 623 1080 cognoscit.
667 1003 785 1081 Legatis
804 1010 935 1083 potestas
955 1004 1108 1066 Romami

51 1085 179 1147 »eundi
200 1087 233 1147 llt
254 1085 291 1146 ab
315 1085 449 1157 consule,
473 1088 585 1146 interea
607 1087 744 1149 induciae
766 1085 1004 1165 postulabantur.
1038 1089 1079 1150 Ea

93 1168 191 1232 Sullae
208 1176 237 1231 et
251 1169 399 1248 plerisque
415 1168 569 1247 placuere:
585 1172 672 1249 pauci
685 1170 813 1231 ferocius
829 1173 1001 1241 decernunt,
1019 1174 1075 1233 sci-

91 1253 160 1315 lieet
179 1254 275 1329 ignari
294 1269 394 1313 rerum
409 1252 620 1323 humanarum,
644 1271 718 1332 quae
733 1253 829 1316 ssuxae
852 1262 881 1317 et
902 1255 1026 1317 mobiles
1045 1257 1074 1316 in

75 1337 216 1400 advorsa
236 1352 353 1413 semper
375 1341 533 1397 mutantur.
572 1336 708 1398 Ceterum
727 1336 822 1399 llauri
840 1340 992 1416 inpetratis
1013 1352 1100 1402 om·3

92 1418 179 1479 nibus
193 1424 256 1480 tres
276 1417 400 1479 Romam
420 1419 547 1497 proiecti
569 1427 638 1481 sunt
656 1437 722 1480 cum
738 1420 793 1480 Gn.
811 1420 929 1482 Octavio
944 1420 1074 1492 Rusone,

56 1525 84 1566 rs
92 1503 143 1580 qui
160 1510 298 1582 quaestor
312 1502 489 1580 stipendium
506 1505 536 1563 in
555 1503 683 1565 Africam
701 1509 877 1582 portaverat,
895 1505 954 1566 duo
970 1505 1006 1566 ad
1027 1524 1074 1567 re-

91 1604 160 1664 gem
179 1587 312 1649 redeunt.
358 1586 400 1647 Ex
419 1588 461 1647 eis
475 1586 610 1648 Bocchus
631 1605 699 1648 cunr
720 1594 827 1657 cetera,
851 1597 913 1650 tum
936 1607 1074 1650 maxume

92 1670 300 1749 benignitatem
318 1678 348 1732 et
362 1671 490 1732 mudium
506 1671 603 1732 Sullae
621 1671 726 1733 lubens
741 1674 861 1751 accepit.
903 1672 1100 1753 Romaequel

90 1751 193 1833 legatis
215 1756 292 1824 eius,
313 1760 468 1834 postquam
490 1773 605 1816 errasse
624 1773 727 1833 regem
743 1763 772 1818 et
786 1756 945 1834 iugurthae
961 1757 1075 1818 scelere

90 1836 206 1915 lapsum
221 1837 370 1915 deprecati
391 1845 475 1907 sunl,
498 1839 652 1899 amicitiam
675 1846 703 1900 et
720 1839 824 1900 foedus
837 1839 1005 1917 petentibus
1017 1841 1075 1900 boc

56 1920 180 1981 eomodo
193 1921 404 2000 respondetur:
419 1922 553 1983 ‘Senatus
568 1928 597 1983 et
613 1921 739 2001 populus
750 1921 900 1983 Romanus
914 1923 1030 1984 benifioi
1048 1931 1075 1984 et

90 2005 213 2066 iniuriae
229 2022 343 2066 memor
360 2022 424 2066 esse
439 2004 522 2068 solet.
557 2006 693 2067 Ceterum
708 2006 835 2074 Boccho,
853 2008 992 2086 quoniam
1006 2025 1074 2085 pae-

90 2089 171 2159 nitet,
190 2088 287 2150 delicti
299 2089 422 2166 gratiam
434 2090 519 2151 lacit:
535 2090 639 2151 foedus
650 2096 679 2150 et
692 2091 816 2151 amicitia
835 2089 993 2157 dabuntur,
1007 2108 1074 2151 cum

91 2173 252 2233 meruerit'

175 2253 287 2324 Quibus
297 2253 387 2315 rebus
400 2258 521 2331 cognitis
532 2257 667 2332 bocchus
678 2275 732 2334 per
745 2257 857 2318 litteras
869 2277 885 2318 a
899 2257 990 2319 Mario
1007 2256 1124 2335 pre-105

57 2340 204 2407 activerat,
217 2338 260 2397 uti
281 2336 318 2397 ad
340 2353 371 2397 se
391 2339 520 2398 mitteret
537 2337 656 2407 Sullam,
677 2341 761 2399 cuius
780 2338 923 2399 arbitratu
939 2339 974 2401 de
994 2358 1074 2400 conr-

90 2419 230 2483 munibus
250 2420 374 2498 negotiis
395 2419 607 2481 consuleretur.
653 2420 682 2480 ls
703 2420 809 2482 missus
836 2438 902 2481 cum
929 2423 1100 2498 praesidioe

92 2505 223 2584 equitum
234 2509 322 2582 atque
335 2501 490 2583 [peditum
502 2501 586 2583 item]
600 2503 781 2564 lamditorum
796 2502 962 2565 Balearium
972 2525 979 2564 :
990 2522 1075 2582 prae·
1117 2517 1120 2524 ·

91 2596 173 2650 terea
193 2588 255 2649 iere
272 2587 412 2664 sagittarii
427 2594 457 2647 et
478 2587 584 2648 cohors
599 2586 736 2665 Paeligna
756 2605 824 2649 cum
845 2586 1013 2648 velitaribus
1028 2606 1075 2647 ar·

92 2673 163 2741 mis,
185 2671 296 2732 itineris
316 2671 495 2751 properandi
510 2687 626 2740 caussa,
642 2688 738 2750 neque
753 2673 796 2733 eis
809 2688 895 2732 secus
911 2678 998 2749 atquc
1013 2670 1076 2732 aliis

57 2755 182 2816 marnis
203 2753 344 2815 advorsus
363 2752 420 2816 tela
442 2753 568 2816 bostium
594 2753 688 2835 [quod
711 2774 746 2817 ea
767 2754 840 2817 levia
857 2752 939 2835 sunt]
962 2754 1074 2815 muniti.

92 2839 144 2900 Set
154 2838 184 2896 in
195 2837 300 2897 itinere
311 2839 412 2916 quinto
424 2838 550 2919 denique
564 2839 609 2900 die
621 2838 724 2909 Volux,
737 2838 813 2901 lilius
824 2836 942 2907 llocchi,
954 2843 1101 2917 repented

92 2927 122 2983 in
144 2921 254 3000 campis
274 2920 441 2998 patentibus
456 2940 522 2984 cum
545 2922 623 2984 mille
636 2940 697 2983 uon
712 2923 835 3002 amplius
850 2921 996 2999 equitibus
1011 2939 1075 2982 sese

93 3003 232 3074 ostendit,
255 3004 305 3085 qui
321 3010 432 3066 temere
454 3012 484 3067 et
497 3007 588 3068 effuse
603 3015 705 3068 euntes
721 3005 818 3068 Sullae
839 3004 960 3085 aliisque
982 3006 1074 3066 omui-

93 3087 150 3151 bus
160 3093 190 3149 εί.
203 3103 361 3150 numerum
371 3105 443 3150 vero
459 3087 632 3168 ampliorem
645 3096 675 3152 et
688 3088 825 3152 hostilem
840 3094 952 3150 metum
967 3087 1074 3147 efficie-

58 3193 83 3234 as
92 3170 172 3233 bant.
196 3172 288 3250 igitur
301 3189 333 3233 se
348 3171 471 3252 quisque
483 3172 637 3251 expedire,
650 3191 731 3234 arma
745 3180 832 3253 atque
846 3171 903 3232 tela
931 3177 1101 3248 temptares

92 3257 261 3318 intendere:
273 3257 360 3317 timor
374 3253 551 3335 aliquantus,
568 3263 613 3317 set
628 3273 695 3333 spes
709 3255 848 3334 amplior,
864 3255 972 3333 quippe
986 3255 1076 3314 victo·

92 3334 176 3401 ribus
193 3345 222 3401 et
235 3341 376 3402 advorsus
397 3357 537 3419 eosquos
554 3356 642 3420 saepe
656 3341 794 3401 vicerant
828 3336 948 3398 Interim
965 3336 1102 3415 equitcso

92 3422 277 3501 exploratum
287 3425 439 3503 praemissi
450 3440 524 3493 rem,
536 3423 577 3483 uli
589 3429 660 3491 erat,
674 3425 800 3502 quietam
811 3422 954 3481 nuntiant.
968 3418 1062 3481 Volux
1072 3416 1128 3478 tot
