2422 3854
258 235 300 276 DE
321 235 495 279 CATILINAE
519 234 763 277 cortivitauwuu
785 235 812 275 0·
834 229 861 278 5·
880 226 903 278 6·
1052 219 1073 276 3

86 382 198 444 bonum
214 383 304 442 otium
320 390 483 453 conterere,
500 399 596 462 neqre
611 399 681 442 vcro
699 397 804 458 agrum
820 379 943 442 colundo
958 388 1008 442 aut
1025 402 1059 444 ve

85 466 194 535 nando,
209 465 361 527 servilibus
372 465 484 536 officiis,
500 467 644 528 brtmtunr
656 471 782 526 aetatem
797 480 901 541 agere,
918 472 963 526 set
977 483 994 525 a
1010 483 1098 545 (μοι

90 552 209 627 incepto
229 549 383 629 badioque
404 565 454 610 me
471 549 590 611 arabitio
611 547 686 608 maia
704 549 883 619 detinuerat,
907 549 1011 611 eodem
1024 568 1073 611 re·

86 646 207 709 gressus
217 634 303 693 statui
314 650 363 694 res
378 640 475 709 gestas
490 631 592 711 populi
602 631 729 694 llomani
740 633 879 710 carptim,
895 638 928 693 ut
939 651 1074 712 quaeque

64 715 228 776 ememoria
239 715 326 792 digna
337 712 521 786 videbantur,
533 714 731 793 perscribere,
745 733 780 776 ec
791 717 893 792 magis,
908 717 987 796 quod
1001 716 1073 777 mibi

87 818 103 860 a
122 812 191 876 spo,
213 805 309 868 metu,
325 799 460 879 partibus
473 800 517 860 rei
531 797 667 878 publicas
690 801 805 861 animus
826 797 901 860 liber
922 810 995 861 erat.

169 882 262 958 lgitur
285 883 321 942 de
337 882 476 944 Catilinae
490 883 709 953 coniuratione,
733 899 821 961 quarn
842 885 1005 944 verissume
1018 902 1098 963 poa

85 975 166 1035 tero,
187 966 288 1042 prucis
311 964 475 1026 absolvam:
496 980 566 1026 nam
586 965 617 1026 id
640 965 754 1027 facinus
774 965 804 1024 in
819 967 921 1042 primis
936 983 991 1044 ego
1006 986 1098 1038 rue-4

86 1047 230 1109 morabile
245 1050 388 1110 existumo
403 1049 523 1110 sceleris
534 1055 623 1126 atque
637 1048 761 1128 periculi
772 1050 909 1109 novitate.
932 1049 974 1111 lle
988 1055 1097 1123 cuius5

53 1147 78 1187 ro
87 1133 214 1192 homnis
228 1132 361 1193 moribus
375 1150 468 1210 pauca
480 1134 564 1211 prius
579 1133 762 1212 exponenda
778 1140 845 1192 sunt
857 1149 945 1210 mam
959 1135 1072 1199 initium

87 1217 228 1277 narrandi
251 1215 364 1277 iaciam.

171 1299 280 1359 Lucius
300 1299 420 1359 Catilina
442 1298 534 1358 nobili
555 1316 667 1374 genere
684 1306 770 1359 natus
787 1299 841 1359 fuit
879 1316 985 1375 magna
1000 1304 1028 1362 vi
1044 1309 1103 1368 et5

89 1383 178 1442 animi
190 1389 219 1441 et
230 1383 372 1457 corporis,
389 1389 434 1440 set
455 1383 572 1457 ingenio
588 1379 666 1440 malo
679 1397 838 1460 pravoque.
861 1381 937 1442 Huic
951 1383 987 1443 ab
1000 1387 1099 1454 adu-2

88 1465 226 1526 lescentia
248 1461 324 1524 bella
346 1465 496 1534 intestina,
519 1465 640 1533 caedes,
662 1465 797 1542 rapinae,
820 1464 965 1525 discordia
983 1468 1074 1528 civilis

55 1555 174 1627 regnata
189 1547 288 1618 inere,
307 1547 405 1627 ibique
420 1550 599 1609 iuventutern
620 1564 703 1608 suam
721 1548 860 1608 exercuit.
893 1548 1006 1626 Corpus
1020 1568 1098 1628 pap,

89 1634 164 1693 tiens
175 1631 303 1702 inediae,
317 1631 440 1708 algoris,
456 1631 569 1707 vigiliae
582 1646 672 1710 supra
684 1648 772 1710 mam
784 1631 921 1709 cuiquam
932 1632 1073 1694 credibile

15 1787 17 1791 .
90 1722 143 1778 est.
166 1716 287 1776 brunus
301 1716 405 1785 audax,
418 1715 569 1784 subdolus,
583 1715 689 1784 varius,
706 1716 788 1775 cuius
802 1715 847 1774 rei
860 1713 943 1775 lubet
954 1715 1099 1780 almum-4

89 1808 138 1859 tor
159 1814 194 1858 ac
213 1797 423 1858 dissimulator:
446 1799 533 1859 alieni
555 1797 705 1876 adpetens,
726 1799 772 1858 sui
793 1796 942 1875 profusus,
965 1799 1074 1860 ardens

89 1884 121 1943 in
138 1879 356 1959 cupiditatibus:
372 1882 441 1941 satis
456 1880 649 1960 eloquentiae,
665 1882 824 1957 sapientiae
838 1898 960 1959 parum:
975 1889 1074 1944 vastus

58 1983 81 2024 zo
91 1967 205 2026 aninrus
217 1965 408 2034 inmoderata,
425 1961 617 2034 incredibilia,
631 1964 717 2023 nimis
728 1963 785 2024 alta
796 1981 913 2041 semper
926 1963 1072 2042 cupiebat.

90 2049 177 2110 llunc
193 2057 260 2125 post
276 2048 503 2110 dominationem
518 2047 592 2128 Luci
607 2045 705 2114 Sullae
720 2045 821 2108 lubido
841 2064 979 2107 maxuma
993 2049 1100 2113 iuva-6

90 2137 170 2193 serat
190 2131 236 2190 rei
255 2130 391 2208 publicae
414 2131 585 2211 capiundae,
608 2146 705 2208 neque
728 2129 885 2208 idquibus
906 2130 1002 2191 modis
1023 2131 1075 2192 ad·

91 2214 347 2293 sequeretur,dum
362 2214 419 2275 sibi
431 2230 557 2290 regnum
570 2221 697 2289 pararet,
712 2214 869 2291 quicquam
883 2215 967 2289 pensi
982 2212 1073 2274 habe·

89 2296 151 2356 bat.
168 2295 339 2371 Agitabatur
353 2295 612 2373 magisemagisque
622 2295 653 2354 in
673 2295 734 2354 dies
746 2296 865 2370 xanimus
879 2295 964 2355 ieron
975 2295 1099 2372 inopias

57 2381 136 2440 urei
151 2376 300 2438 familiaris
316 2387 345 2438 et
358 2379 534 2438 conscientia
549 2375 711 2443 scelerum,
733 2395 808 2453 quae
822 2383 949 2453 utraque
970 2377 1073 2442 eisar-

90 2461 169 2523 tibus
188 2468 323 2530 auxerat,
347 2479 419 2540 qtras
440 2448 721 2550 suprqsmemoravi.
744 2447 1099 2601 Irrcitahan¹t⁴braetereae

93 2546 230 2624 conrupti
252 2545 373 2605 civitatis
393 2562 506 2613 mores,
527 2559 601 2622 quos
618 2558 755 2621 pessuma
770 2559 805 2602 ac
820 2542 885 2603 divo
919 2543 1026 2605 ainter
1041 2561 1075 2604 se

91 2629 177 2699 mala,
200 2629 317 2691 luxuria
337 2637 424 2708 atque
443 2628 571 2701 avaritia,
595 2624 756 2688 vexabant?

176 2713 239 2776 Res
250 2713 312 2789 ipsa
326 2713 439 2784 hortari
453 2712 584 2780 videtur,
603 2710 740 2788 quoniam
751 2709 788 2768 de
801 2708 934 2769 moribus
951 2710 1100 2774 civitatist

57 2821 82 2860 so
92 2805 208 2874 tempus
229 2795 392 2867 admonuit,
414 2813 504 2880 supra
518 2800 655 2872 repetere
674 2793 825 2871 acpaucis
839 2793 969 2853 instituta
982 2795 1074 2854 maio·

91 2898 161 2941 rum
184 2879 262 2940 domi
276 2877 460 2958 militiaeque,
484 2897 542 2958 quo
561 2876 730 2959 modonrem
746 2873 895 2954 publicam
916 2875 1075 2937 habuerint

93 2972 291 3042 quantamque
313 2960 499 3040 reliquerint,
521 2971 554 3023 ut
570 2958 710 3040 paulatim
724 2960 866 3020 inmutata
885 2979 924 3029 exv
934 2960 1074 3037 pulcher·

92 3065 178 3107 ruma
200 3055 289 3123 atque
314 3052 434 3122 optumo
454 3063 590 3123 pessuma
619 3061 656 3106 ac
674 3043 908 3120 flagitiosissuma
931 3043 1006 3103 iacta
1027 3043 1073 3112 sit,

94 3130 247 3192 disserere.

55 3229 85 3278 'oe
177 3200 289 3281 Urbem
313 3213 451 3283 Romam,
478 3213 562 3273 sicuti
585 3211 774 3290 egoaccepi,
805 3208 963 3269 condidere
985 3206 1103 3287 atque6

94 3297 227 3358 habuere
242 3298 323 3363 initio
338 3296 467 3367 Troiani,
490 3297 539 3375 qui
550 3297 652 3359 Aenea
667 3295 743 3356 duce
757 3293 876 3372 profugi
891 3291 1009 3355 sedibus
1028 3294 1073 3353 in·

96 3388 183 3442 certis
198 3381 389 3458 vagabantur,
406 3397 532 3460 cumque
550 3383 591 3442 eis
607 3379 791 3455 Aborigines,
814 3392 908 3452 genus
920 3374 1085 3434 boninum

97 3467 305 3542 agrestesine
320 3464 446 3546 legibus,
469 3465 535 3530 sine
546 3460 839 3547 importabilium
848 3453 1111 3532 athesffiffi

920 3551 967 3608 Χ*
