2422 3854
199 243 243 286 nn
267 240 439 285 casimirus
462 239 703 285 conmnsuronn
723 245 752 288 o.
773 231 817 286 33.
838 231 882 286 ll·
905 233 949 286 35.
1022 223 1060 283 17
1180 305 1182 309 y

90 408 184 470 noque
200 390 338 470 cuiquam
354 395 490 449 nostrum
509 385 590 449 licuit
609 405 692 451 more
706 390 851 450 maiorum
871 386 936 464 lege
955 388 997 448 uti
1010 405 1062 450 ne-

89 491 146 553 que
158 473 265 533 amisso
274 472 448 549 patrimonio
458 469 585 555 liberum
596 487 703 549 corpus
716 470 841 533 hahere:
853 477 933 532 tanta
945 472 1063 532 morlia

88 556 287 618 feneratorum
309 560 395 632 atque
411 555 554 631 praetoris
573 551 636 614 luit.
670 555 763 632 Saepe
783 555 910 615 maiores
922 560 1052 616 vostmm
1072 559 1088 611 3

88 639 210 700 miseriti
226 635 319 715 plebis
340 635 488 697 Romanae
526 636 650 697 decretis
671 639 731 698 suis
749 638 865 716 inopiae
882 638 947 698 eius
967 639 1062 716 opitu-

62 722 138 784 slati
153 726 236 791 sunt,
260 739 294 782 ac
309 721 475 781 novissume
491 721 633 780 memoria
658 725 758 782 nostra
778 726 898 799 propter
920 722 1063 799 magmul-

89 805 186 866 dinem
203 806 279 865 aeris
295 803 380 864 alieni
392 801 554 864 volentibus
569 801 704 864 omnibus
721 802 807 864 bonis
821 808 975 880 argentum
995 821 1063 865 aere

88 887 215 949 solutum
237 893 289 949 est.
307 886 400 965 Saepe
418 888 480 964 ipsa
500 885 616 964 plebes,
637 893 688 947 ant
708 886 875 947 dominandi
887 886 981 947 studio
996 893 1091 964 per-4

88 977 167 1032 mota
182 978 232 1032 aut
245 968 382 1049 superbia
396 971 625 1046 magistratuum,
641 976 753 1031 armata
763 987 780 1030 a
791 969 923 1048 patribus
934 972 1062 1031 secoeeit.

87 1056 124 1116 tt
136 1070 260 1114 noanon
273 1054 419 1133 inperium
433 1070 529 1131 neque
544 1053 655 1114 divitias
668 1055 808 1131 petimus,
825 1070 951 1131 quarmn
962 1061 1089 1114 rerumo

54 1154 78 1196 ro
89 1140 175 1199 causa
203 1136 281 1198 bella
297 1143 384 1216 atque
399 1137 556 1197 certamina
571 1137 669 1197 omnia
684 1139 762 1198 inter
777 1135 908 1198 mortalis
923 1144 1006 1206 sunt,
1021 1143 1066 1198 set

87 1219 261 1290 libertucm,
280 1236 367 1299 mam
382 1219 579 1281 nemobonus
594 1221 649 1280 nisi
663 1238 731 1282 cum
745 1221 841 1281 anima
851 1220 940 1283 simul
950 1223 1066 1285 amittit.

87 1304 130 1365 'l'e
153 1308 240 1380 atque
261 1309 395 1363 senatum
416 1302 609 1372 obtestamur,
633 1302 788 1364 consulatis
810 1305 923 1364 miseris
944 1302 1094 1373 civibuslt

87 1386 161 1463 legis
175 1385 368 1463 praesidium,
386 1383 465 1462 quod
482 1385 617 1462 iniquitas
631 1387 775 1462 praetoris
789 1387 911 1463 eripuit,
931 1387 1065 1447 restitua-

88 1471 139 1539 tis,
155 1485 228 1530 neve
242 1468 327 1528 nobis
339 1485 403 1528 eam
413 1468 655 1529 necessitudinem
665 1469 824 1546 inponatis,
838 1477 872 1529 ut
882 1484 1064 1546 quaeramus,

55 1571 79 1612 rs
89 1567 217 1632 quonam
233 1551 321 1613 modo
335 1564 471 1612 maxume
487 1549 539 1611 ulti
557 1552 728 1628 sanguinem
743 1558 876 1612 nostrum
891 1551 1064 1629 pereamus'.

88 1635 132 1697 ld
148 1636 222 1697 hacc
236 1635 270 1708 Q.
284 1634 409 1695 ldaroius
422 1633 595 1712 respondet:
610 1635 635 1695 si
649 1635 718 1713 quid
733 1634 771 1695 ab
784 1641 886 1696 senatu
904 1641 1005 1712 petere
1017 1653 1066 1696 vc·
1075 1631 1116 1695 34

88 1717 157 1788 lint,
181 1717 216 1779 ab
234 1719 323 1778 armis
342 1717 503 1787 discedant,
524 1715 647 1778 Romam
661 1717 808 1796 subplices
828 1718 1065 1796 proficiscantur:

90 1818 124 1862 ea
137 1801 359 1862 mansuetudine
373 1806 460 1878 atque
475 1801 673 1862 misericordia
685 1807 818 1863 senatum
832 1799 933 1879 populi
943 1800 1067 1862 Romani

90 1900 207 1962 semper
232 1883 337 1952 luisse,
368 1888 401 1943 ut
421 1899 508 1944 nemo
529 1898 667 1961 umquam
687 1883 724 1944 ab
743 1902 777 1945 eo
799 1883 907 1945 frustra
928 1882 1067 1945 auxilium

60 1989 89 2031 ro
111 1967 231 2028 silverii.

89 1983 109 2047 p
172 2049 209 2110 at
223 2048 342 2111 Catilina
358 2064 394 2111 ex
408 2049 512 2109 itinere
526 2048 673 2128 plerisque
688 2049 898 2119 consularibus,
913 2055 1092 2126 praetereas

90 2140 209 2211 optumo
229 2135 334 2212 cuique
353 2132 451 2192 literas
472 2133 568 2205 mittit,
593 2151 624 2194 se
646 2132 724 2193 falsis
745 2132 916 2194 criminibus
938 2132 1064 2193 circum·

89 2222 224 2287 ventum,
248 2217 385 2294 quioniam
403 2214 520 2276 lectioni
541 2217 725 2278 inimicorum
738 2218 877 2278 resistere
892 2216 1065 2294 nequiverit,

90 2300 224 2360 iortumac
247 2299 366 2366 cedere,
388 2297 542 2357 Massiliam
562 2301 593 2359 in
611 2299 729 2360 exilium
748 2299 907 2376 proficisci,
926 2316 987 2358 non
1008 2317 1066 2374 quo

55 2382 145 2445 assibi
165 2382 238 2441 tanti
259 2379 378 2441 sceleris
399 2381 532 2440 conscius
553 2387 637 2449 esset,
653 2382 756 2441 satuti
773 2378 953 2459 respublica
970 2381 1067 2457 quieta

90 2466 167 2526 loret
181 2481 254 2525 neve
266 2482 302 2525 ex
319 2479 371 2524 sua
383 2464 566 2524 contentione
582 2463 683 2524 seditio
695 2464 831 2525 oriretur.
860 2461 904 2523 th
919 2462 964 2524 his
980 2461 1092 2540 longer

91 2548 222 2610 divorsas
242 2546 353 2608 litteras
373 2547 407 2619 Q.
429 2545 545 2607 Catullus
568 2547 598 2607 in
619 2553 721 2608 senatu
741 2547 886 2616 recitavit,
912 2563 985 2624 quas
1011 2545 1067 2606 sihi

91 2633 208 2692 nomino
225 2630 361 2692 Catilium
378 2629 506 2691 redditas
525 2629 647 2691 dicebat.
680 2630 790 2692 Earum
807 2628 972 2707 exemplum
992 2627 1067 2690 inira

91 2715 233 2790 scriptum
254 2721 312 2774 est:
336 2713 377 2773 ‘L.
395 2712 515 2774 Catilina
529 2715 563 2786 Q.
583 2712 692 2775 Catulo.
728 2713 854 2790 Egregia
875 2719 924 2773 tua
945 2713 1018 2774 lidos
1033 2731 1067 2774 re
1077 2712 1117 2774 35

57 2797 221 2873 recognita,
238 2802 320 2871 gruta
332 2796 403 2856 mihi
417 2799 531 2875 magnis
545 2797 576 2857 in
588 2798 661 2869 meis
677 2794 829 2874 periculis,
847 2796 984 2857 fiduciam
996 2801 1066 2858 lon·

30 2883 33 2888 '
91 2879 269 2941 mendationi
293 2892 378 2940 meae
397 2879 507 2940 tribuit.
554 2880 647 2950 Quam
675 2878 713 2940 ob
735 2896 799 2941 rem
820 2878 1018 2942 defossionem
1037 2882 1093 2941 iu2

92 2979 167 3023 novo
183 2960 303 3023 consilio
313 2977 373 3021 non
388 2963 474 3022 statui
484 2978 604 3039 parare,
621 2962 844 3024 satisfactionem
859 2980 895 3024 ex
908 2962 986 3024 nulla
999 2981 1068 3024 con·

92 3047 211 3108 scientia
226 3045 263 3106 de
278 3043 364 3122 culpa
378 3059 545 3123 proponere
560 3044 684 3116 decrevi,
699 3062 801 3124 qum,
818 3064 867 3108 me
882 3046 947 3108 dius
957 3047 1066 3114 Fidius,

93 3146 193 3190 veram
211 3127 281 3190 licet
302 3142 469 3205 cognoscas.
498 3127 614 3188 Iniuriis
635 3128 874 3209 cmmmeiiispae
895 3130 1065 3197 concitatus,

59 3235 85 3278 as
94 3212 173 3292 quod
193 3212 291 3273 fructu
303 3210 412 3272 laboris
428 3211 645 3291 industriaeque
661 3231 745 3274 meae
761 3211 1095 3291 patronorumsine

94 3296 208 3374 gnitatis
228 3311 288 3355 non
308 3293 485 3372 optmeiam,
507 3294 653 3375 publicam
671 3298 846 3359 miserorum
860 3309 992 3356 caussam
1012 3311 1067 3373 pro

93 3396 159 3440 mea
179 3378 387 3441 cousuetudine
408 3381 536 3458 suscepi,
560 3396 619 3440 non
634 3382 700 3460 quia
715 3398 764 3442 aas
780 3379 905 3439 alienum
926 3378 999 3438 meis
1013 3396 1067 3436 no-

94 3463 219 3525 minibus
233 3479 270 3524 ex
281 3463 514 3541 possessionibus
529 3462 646 3527 soluere
656 3482 723 3526 nou
731 3479 876 3544 possem,
888 3476 968 3518 cum
976 3457 1102 3512 sumere

151 3561 286 3618 dannan.
934 3553 967 3609 ‘i
