2422 3854
121 194 163 257 90
370 210 413 253 nu
430 207 534 251 sunno
557 205 757 251 rvcvsrrrruo
780 197 863 253 181.

123 363 220 424 iorum
231 375 365 421 meorum
377 362 538 423 ostentare,
553 361 591 425 at,
608 356 694 417 sires
708 354 844 434 postulet,
857 353 955 415 hastas
969 352 1107 417 vexillum

124 443 274 524 phaleras,
290 440 346 502 alia
367 438 501 500 militaria
522 438 614 508 dona,
636 445 791 517 praeterea
811 437 960 501 cicatrices
982 436 1108 500 advorso

81 539 117 592 111
125 533 254 606 pectore.
292 523 355 585 llas
369 529 438 584 sunt
451 540 536 585 meac
549 523 703 600 imagines,
725 522 800 585 baec
818 519 964 591 nobilitas,
978 538 1039 582 non
1054 520 1108 584 be·

125 611 250 672 reditate
263 606 379 677 relicta,
402 613 437 667 ut
449 605 498 679 illa
514 605 579 675 illis,
595 613 641 667 set
656 624 731 686 quae
746 612 864 683 egomet
893 605 966 666 meis
1002 604 1106 683 pluru-

84 695 182 761 armis
206 691 357 753 laboribus
386 698 416 751 et
440 687 579 768 periodis
606 691 743 768 quaesivi.
780 688 846 750 Non
868 695 937 749 sunt
958 689 1133 768 conpositas

126 775 216 837 verba
233 792 313 836 mea:
328 775 410 854 parri
423 774 454 834 id
469 773 561 835 facio:
575 773 639 851 ipsa
653 790 684 833 se
702 775 795 834 1111111
809 772 877 833 satis
892 771 1032 834 ostendit:
1052 770 1108 834 illis

84 857 251 925 startidcio
276 875 352 937 opus
372 864 429 927 est,
457 864 491 917 ut
510 857 607 934 turpia
626 857 702 918 lacta
725 856 857 918 oratione
879 861 990 933 tegant.
1005 854 1108 934 Neque

125 942 236 1005 litteras
251 941 379 1004 Graecas
397 940 499 1000 didici:
521 956 627 1017 parum
639 938 773 1017 placebat
790 956 839 1000 eas
854 939 983 1008 discere,
1000 938 1108 1019 quippe

83 1041 117 1095 aa
127 1043 202 1105 quae
218 1025 254 1086 ad
270 1026 407 1086 virtutem
422 1021 592 1084 doctoribus
606 1022 676 1083 nibil
690 1022 872 1100 profuerant.
902 1022 939 1083 tt
952 1021 1001 1084 illa
1014 1021 1107 1083 multo

126 1114 246 1188 optuma
259 1109 304 1168 rei
317 1106 452 1184 publicae
466 1105 570 1167 doctus
582 1121 663 1165 sum:
681 1104 796 1166 bostem
811 1105 915 1174 ferire,
928 1105 1107 1184 praesidium
1116 1123 1141 1167 11

126 1193 252 1269 agitare,
267 1189 338 1249 nibil
348 1194 480 1250 metuere
493 1188 549 1247 nisi
560 1194 677 1265 turpem
687 1186 804 1259 lamam,
822 1188 949 1251 hiemem
963 1195 993 1251 et
1007 1195 1104 1250 aesta-

126 1282 188 1334 tem
206 1275 285 1332 iuxta
303 1273 375 1350 pati,
395 1271 479 1332 humi
490 1271 690 1349 requiescere,
713 1272 816 1334 eodem
831 1278 964 1351 tempore
979 1272 1107 1352 inopiam

84 1363 158 1422 3411
177 1353 311 1416 laborem
332 1354 468 1416 tolerare.
501 1354 550 1414 Eis
566 1371 621 1432 ego
633 1357 799 1433 praeceptis
820 1355 926 1417 milites
946 1352 1107 1416 hortabor:

126 1457 182 1500 nec
203 1437 268 1499 illos
287 1445 350 1500 arte
368 1437 471 1507 colam,
494 1455 542 1498 me
557 1436 721 1515 opulenter,
742 1456 839 1517 neque
860 1437 984 1517 gloriam
999 1456 1106 1508 meam,

84 1521 258 1592 salaborem
274 1521 391 1583 illorum
407 1521 520 1582 faciam.
548 1520 611 1581 Hoc
627 1528 671 1583 est
683 1521 764 1592 utile,
779 1522 838 1585 boc
853 1521 1106 1601 civilesmperium.
1118 1537 1141 1581 11

126 1605 259 1684 Namque
282 1623 350 1666 cum
368 1609 430 1665 tute
445 1621 499 1682 per
516 1603 664 1665 mollitiam
686 1622 763 1683 agas,
784 1606 943 1667 exercitum
963 1603 1107 1682 subplicio

83 1706 117 1758 so
128 1704 251 1766 cogere,
267 1688 297 1749 id
313 1692 356 1748 cst
369 1686 533 1755 dominum,
545 1687 817 1767 nonimperatorem
831 1705 904 1750 1111
926 1687 1006 1750 Η111
1017 1695 1107 1766 atque

127 1771 193 1832 talia
210 1771 337 1831 maiores
356 1770 446 1830 vostri
462 1770 598 1831 faciundo
619 1787 709 1850 seque
726 1789 849 1850 remque
864 1770 1012 1850 publicam
1030 1770 1107 1832 cele·

83 1855 260 1927 nrbravere.
301 1852 371 1923 Quis
384 1853 519 1914 nobilitas
537 1853 622 1924 11111,
644 1856 705 1933 ipsa
724 1853 869 1917 dissimilis
889 1853 1032 1924 moribus,
1052 1871 1107 1915 nos

129 1936 246 1998 illorum
262 1936 392 1998 aemulos
406 1938 565 1998 contemnit
581 1944 611 1999 et
621 1938 715 1999 omnis
725 1937 852 1999 bonores
866 1955 926 1998 non
942 1956 977 1999 ex
992 1938 1107 2007 morito,
1117 1958 1142 2000 ao

86 2033 120 2084 38
130 2028 175 2081 set
197 2022 280 2099 quasi
293 2020 407 2081 debitos
421 2037 438 2080 a
452 2020 534 2082 vobis
554 2023 669 2098 repetit.
703 2020 840 2084 Ceterum
853 2021 987 2083 homines
1004 2036 1107 2098 super·

125 2103 248 2164 bissumi
263 2103 368 2182 procul
384 2110 494 2165 errant.
523 2103 648 2165 Maiores
662 2123 766 2166 eorum
782 2105 888 2174 omnia,
903 2122 978 2184 quae
990 2102 1106 2174 licebat,

125 2185 181 2268 illis
192 2184 347 2265 reliquere,
359 2186 470 2247 divitias
484 2188 642 2264 imagines,
658 2186 829 2250 memorirn
842 2189 889 2249 sui
905 2186 1105 2266 praeclaram:

127 2270 262 2330 virtutem
272 2286 332 2329 non
342 2269 498 2349 reliquere,
510 2287 607 2349 neque
620 2279 769 2349 poterant:
787 2290 821 2332 ea
836 2272 897 2333 sola
910 2289 1006 2350 neque
1021 2271 1107 2332 datur

86 2361 118 2414 11
127 2352 205 2414 dono
225 2370 323 2431 neque
344 2354 495 2432 accipitur.
535 2353 692 2416 Sordidum
708 2373 756 2416 me
782 2362 813 2420 11
832 2353 953 2417 incultis
973 2352 1107 2415 moribus
1117 2373 1142 2415 aa

125 2437 220 2506 aiunt,
241 2438 308 2515 quia
322 2453 428 2513 parum
449 2438 520 2498 scite
543 2438 706 2500 convivium
722 2455 847 2509 exorno,
869 2456 966 2517 neque
988 2437 1106 2498 histrio-

126 2536 195 2580 nem
211 2517 312 2588 ullum,
334 2536 431 2596 neqm
444 2518 537 2597 pluris
551 2523 633 2600 preci
652 2539 756 2582 cocum
769 2539 856 2599 11111111
870 2520 987 2583 vilicum
1002 2520 1107 2582 babeo.

84 2603 210 2674 1001111
231 2601 302 2661 mibi
322 2599 404 2663 lubet
427 2603 567 2675 confiteri,
590 2604 725 2676 Quirites.
757 2604 831 2665 Nam
848 2623 884 2666 ex
905 2612 1027 2683 parente
1041 2621 1107 2665 meo

127 2691 156 2746 et
171 2703 206 2745 ex
221 2682 283 2744 aliis
294 2684 401 2745 sanctis
414 2686 484 2747 viris
495 2687 534 2747 ita
549 2687 662 2765 accepi:
671 2686 827 2750 munditias
840 2685 1022 2758 mulieribus,
1038 2687 1107 2749 viris

125 2766 260 2827 laborem
276 2768 440 2840 convenire,
458 2769 652 2848 omnibusque
662 2768 747 2830 bonis
764 2777 901 2848 oportere
915 2769 982 2850 plus
997 2769 1108 2848 gloriae
1116 2787 1142 2831 11

126 2866 215 2928 quam
230 2849 393 2913 divitiarum
411 2869 488 2915 esse:
511 2869 601 2922 arma,
617 2869 677 2913 non
690 2851 901 2930 supellectilem
915 2854 1015 2916 decori
1032 2871 1108 2914 1111,

75 2949 110 3001 tl
125 2932 203 3005 Quin
225 2948 296 3010 erqo
318 2934 396 3014 quod
413 2936 508 3005 iuvat,
530 2936 609 3013 quod
630 2952 731 2996 carum
748 2944 924 3007 aestumant,
942 2937 972 2997 id
988 2953 1107 3012 semper

126 3016 248 3079 iaciant:
269 3025 367 3079 ament
384 3024 500 3096 potent:
521 3017 573 3080 ubi
593 3017 820 3083 adulescentiam
837 3021 976 3088 habuere,
996 3017 1039 3080 ibi
1059 3036 1106 3081 se·

124 3107 275 3163 nectutem
288 3107 384 3178 agant,
403 3100 448 3182 [m
464 3099 625 3183 conviviis}
644 3102 733 3164 dediti
754 3106 847 3168 ventri
867 3111 896 3167 et
909 3102 1106 3180 turpissumae

125 3186 202 3262 parti
222 3185 369 3261 corporis:
405 3184 543 3249 sudorem
576 3186 728 3264 pulverem
746 3195 775 3249 et
789 3188 845 3250 alia
859 3185 925 3248 talia
939 3185 1143 3266 relinquentes

82 3267 226 3337 danobis,
249 3266 355 3347 quibus
379 3265 426 3328 illa
449 3267 542 3346 epulis
562 3270 733 3333 iocundiora
747 3278 823 3334 sunt.
857 3268 966 3331 Verum
985 3272 1106 3333 nonita

124 3357 179 3410 est.
207 3350 280 3412 Nam
297 3349 349 3411 ubi
364 3347 680 3433 se[omnibus]llaqitiis
696 3354 919 3424 dedecoravere,
934 3355 1106 3432 turpissumi

83 3435 180 3500 oaviri
194 3432 340 3495 bonorum
355 3436 486 3513 praemia
496 3444 628 3516 ereptum
645 3445 724 3499 eunt
751 3436 795 3499 111
806 3437 1003 3500 iniustissume
1017 3435 1104 3502 luxu·
