<?xml version="1.0" encoding="UTF-8"?>
<!DOCTYPE html PUBLIC "-//W3C//DTD XHTML 1.0 Transitional//EN"
    "http://www.w3.org/TR/xhtml1/DTD/xhtml1-transitional.dtd">
<html xmlns="http://www.w3.org/1999/xhtml" xml:lang="en" lang="en">
 <head>
  <title>
</title>
<meta http-equiv="Content-Type" content="text/html;charset=utf-8" />
  <meta name='ocr-system' content='tesseract 3.04.00' />
  <meta name='ocr-capabilities' content='ocr_page ocr_carea ocr_par ocr_line ocrx_word'/>
</head>
<body>
  <div class='ocr_page' id='page_1' title='image "./libridecatilina02sallgoog_0118.png"; bbox 0 0 2422 3854; ppageno 0'>
   <div class='ocr_carea' id='block_1_1' title="bbox 271 227 1089 291">
    <p class='ocr_par' dir='ltr' id='par_1_1' title="bbox 271 227 1089 291">
     <span class='ocr_line' id='line_1_1' title="bbox 271 227 1089 291; baseline 0.01 -7"><span class='ocrx_word' id='word_1_1' title='bbox 271 244 313 284; x_wconf 84' lang='grc'><strong>111</strong></span> <span class='ocrx_word' id='word_1_2' title='bbox 333 242 435 285; x_wconf 75' lang='lat' dir='ltr'><strong>succo</strong></span> <span class='ocrx_word' id='word_1_3' title='bbox 457 243 657 287; x_wconf 77' lang='lat' dir='ltr'><strong>svcvnnmno</strong></span> <span class='ocrx_word' id='word_1_4' title='bbox 680 244 709 286; x_wconf 88' lang='lat' dir='ltr'><strong>c.</strong></span> <span class='ocrx_word' id='word_1_5' title='bbox 729 236 772 290; x_wconf 88' lang='grc'><strong>98.</strong></span> <span class='ocrx_word' id='word_1_6' title='bbox 795 237 837 291; x_wconf 88' lang='grc'><strong>99.</strong></span> <span class='ocrx_word' id='word_1_7' title='bbox 860 239 920 291; x_wconf 84' lang='grc'><strong>109.</strong></span> <span class='ocrx_word' id='word_1_8' title='bbox 1047 227 1089 290; x_wconf 86' lang='grc'><strong>99</strong></span> 
     </span>
    </p>
   </div>
   <div class='ocr_carea' id='block_1_2' title="bbox 61 390 1138 1886">
    <p class='ocr_par' dir='ltr' id='par_1_2' title="bbox 61 390 1138 1886">
     <span class='ocr_line' id='line_1_2' title="bbox 105 390 1086 471; baseline 0.007 -22"><span class='ocrx_word' id='word_1_9' title='bbox 105 390 373 469; x_wconf 70' lang='lat' dir='ltr'><strong>opportunasque</strong></span> <span class='ocrx_word' id='word_1_10' title='bbox 387 406 490 467; x_wconf 83' lang='lat' dir='ltr'><strong>magna</strong></span> <span class='ocrx_word' id='word_1_11' title='bbox 505 400 588 470; x_wconf 87' lang='lat' dir='ltr'><strong>parte</strong></span> <span class='ocrx_word' id='word_1_12' title='bbox 604 391 697 453; x_wconf 90' lang='lat' dir='ltr'><strong>editus</strong></span> <span class='ocrx_word' id='word_1_13' title='bbox 712 400 741 454; x_wconf 90' lang='grc'><strong>11</strong></span> <span class='ocrx_word' id='word_1_14' title='bbox 755 410 898 471; x_wconf 87' lang='lat' dir='ltr'><strong>praeceps</strong></span> <span class='ocrx_word' id='word_1_15' title='bbox 913 411 1007 470; x_wconf 89' lang='lat' dir='ltr'><strong>pauca</strong></span> <span class='ocrx_word' id='word_1_16' title='bbox 1021 411 1086 456; x_wconf 90' lang='lat' dir='ltr'><strong>mu·</strong></span> 
     </span>
     <span class='ocr_line' id='line_1_3' title="bbox 106 473 1112 555; baseline -0.001 -18"><span class='ocrx_word' id='word_1_17' title='bbox 106 477 235 537; x_wconf 75' lang='lat' dir='ltr'>nimenta</span> <span class='ocrx_word' id='word_1_18' title='bbox 263 473 431 555; x_wconf 88' lang='lat' dir='ltr'><strong>quaerebat.</strong></span> <span class='ocrx_word' id='word_1_19' title='bbox 486 475 622 537; x_wconf 86' lang='lat' dir='ltr'><strong>Ceterum</strong></span> <span class='ocrx_word' id='word_1_20' title='bbox 650 475 727 552; x_wconf 89' lang='lat' dir='ltr'><strong>apud</strong></span> <span class='ocrx_word' id='word_1_21' title='bbox 756 493 861 555; x_wconf 87' lang='lat' dir='ltr'><strong>aquam</strong></span> <span class='ocrx_word' id='word_1_22' title='bbox 887 476 996 538; x_wconf 84' lang='lat' dir='ltr'>Sullam</span> <span class='ocrx_word' id='word_1_23' title='bbox 1019 488 1112 538; x_wconf 74' lang='lat' dir='ltr'><strong>cums</strong></span> 
     </span>
     <span class='ocr_line' id='line_1_4' title="bbox 107 558 1085 638; baseline 0 -17"><span class='ocrx_word' id='word_1_24' title='bbox 107 558 252 638; x_wconf 86' lang='lat' dir='ltr'><strong>equitibus</strong></span> <span class='ocrx_word' id='word_1_25' title='bbox 269 566 385 618; x_wconf 91' lang='lat' dir='ltr'><strong>noctem</strong></span> <span class='ocrx_word' id='word_1_26' title='bbox 399 559 509 635; x_wconf 87' lang='lat' dir='ltr'><strong>agitare</strong></span> <span class='ocrx_word' id='word_1_27' title='bbox 523 558 617 621; x_wconf 90' lang='lat' dir='ltr'><strong>iubet:</strong></span> <span class='ocrx_word' id='word_1_28' title='bbox 636 560 698 636; x_wconf 89' lang='lat' dir='ltr'><strong>ipso</strong></span> <span class='ocrx_word' id='word_1_29' title='bbox 712 559 851 636; x_wconf 87' lang='lat' dir='ltr'><strong>paulatim</strong></span> <span class='ocrx_word' id='word_1_30' title='bbox 869 559 1017 638; x_wconf 90' lang='lat' dir='ltr'><strong>dispersos</strong></span> <span class='ocrx_word' id='word_1_31' title='bbox 1031 560 1085 621; x_wconf 91' lang='lat' dir='ltr'><strong>mi·</strong></span> 
     </span>
     <span class='ocr_line' id='line_1_5' title="bbox 105 641 1085 720; baseline 0.001 -17"><span class='ocrx_word' id='word_1_32' title='bbox 105 643 170 703; x_wconf 88' lang='lat' dir='ltr'><strong>lites</strong></span> <span class='ocrx_word' id='word_1_33' title='bbox 190 659 285 720; x_wconf 92' lang='lat' dir='ltr'><strong>neque</strong></span> <span class='ocrx_word' id='word_1_34' title='bbox 306 642 402 702; x_wconf 89' lang='lat' dir='ltr'><strong>minus</strong></span> <span class='ocrx_word' id='word_1_35' title='bbox 416 641 548 703; x_wconf 83' lang='lat' dir='ltr'><strong>hostibus</strong></span> <span class='ocrx_word' id='word_1_36' title='bbox 564 641 744 703; x_wconf 88' lang='lat' dir='ltr'><strong>conturbatis</strong></span> <span class='ocrx_word' id='word_1_37' title='bbox 764 644 794 703; x_wconf 89' lang='grc'><strong>11</strong></span> <span class='ocrx_word' id='word_1_38' title='bbox 816 660 908 704; x_wconf 89' lang='lat' dir='ltr'><strong>unum</strong></span> <span class='ocrx_word' id='word_1_39' title='bbox 930 643 1085 714; x_wconf 89' lang='lat' dir='ltr'><strong>contrabit,</strong></span> 
     </span>
     <span class='ocr_line' id='line_1_6' title="bbox 84 724 1114 804; baseline 0.011 -23"><span class='ocrx_word' id='word_1_40' title='bbox 84 726 173 786; x_wconf 83' lang='lat' dir='ltr'><strong>sdein</strong></span> <span class='ocrx_word' id='word_1_41' title='bbox 188 732 307 786; x_wconf 90' lang='lat' dir='ltr'><strong>cunctos</strong></span> <span class='ocrx_word' id='word_1_42' title='bbox 323 724 410 803; x_wconf 89' lang='lat' dir='ltr'><strong>pleno</strong></span> <span class='ocrx_word' id='word_1_43' title='bbox 426 725 518 803; x_wconf 83' lang='lat' dir='ltr'><strong>gradu</strong></span> <span class='ocrx_word' id='word_1_44' title='bbox 530 726 559 785; x_wconf 93' lang='lat' dir='ltr'><strong>in</strong></span> <span class='ocrx_word' id='word_1_45' title='bbox 577 725 680 786; x_wconf 89' lang='lat' dir='ltr'><strong>collem</strong></span> <span class='ocrx_word' id='word_1_46' title='bbox 695 726 840 786; x_wconf 79' lang='lat' dir='ltr'><strong>subducit.</strong></span> <span class='ocrx_word' id='word_1_47' title='bbox 861 726 903 787; x_wconf 89' lang='lat' dir='ltr'><strong>lta</strong></span> <span class='ocrx_word' id='word_1_48' title='bbox 919 743 1013 804; x_wconf 82' lang='lat' dir='ltr'><strong>reges,</strong></span> <span class='ocrx_word' id='word_1_49' title='bbox 1030 727 1114 792; x_wconf 80' lang='lat' dir='ltr'><strong>locio</strong></span> 
     </span>
     <span class='ocr_line' id='line_1_7' title="bbox 106 807 1088 887; baseline -0.002 -16"><span class='ocrx_word' id='word_1_50' title='bbox 106 807 274 871; x_wconf 83' lang='lat' dir='ltr'><strong>difficultate</strong></span> <span class='ocrx_word' id='word_1_51' title='bbox 294 809 400 876; x_wconf 89' lang='lat' dir='ltr'><strong>coacti,</strong></span> <span class='ocrx_word' id='word_1_52' title='bbox 422 807 535 885; x_wconf 90' lang='lat' dir='ltr'><strong>proelio</strong></span> <span class='ocrx_word' id='word_1_53' title='bbox 555 808 758 879; x_wconf 86' lang='lat' dir='ltr'><strong>deterrentur,</strong></span> <span class='ocrx_word' id='word_1_54' title='bbox 782 827 878 887; x_wconf 89' lang='lat' dir='ltr'><strong>neque</strong></span> <span class='ocrx_word' id='word_1_55' title='bbox 899 817 997 871; x_wconf 89' lang='lat' dir='ltr'><strong>tamen</strong></span> <span class='ocrx_word' id='word_1_56' title='bbox 1018 827 1088 872; x_wconf 91' lang='lat' dir='ltr'><strong>suos</strong></span> 
     </span>
     <span class='ocr_line' id='line_1_8' title="bbox 105 891 1087 972; baseline 0.001 -19"><span class='ocrx_word' id='word_1_57' title='bbox 105 893 220 969; x_wconf 89' lang='lat' dir='ltr'><strong>longius</strong></span> <span class='ocrx_word' id='word_1_58' title='bbox 235 891 317 953; x_wconf 87' lang='lat' dir='ltr'><strong>abire</strong></span> <span class='ocrx_word' id='word_1_59' title='bbox 332 892 444 962; x_wconf 88' lang='lat' dir='ltr'><strong>sinunt,</strong></span> <span class='ocrx_word' id='word_1_60' title='bbox 468 899 512 953; x_wconf 92' lang='lat' dir='ltr'><strong>set</strong></span> <span class='ocrx_word' id='word_1_61' title='bbox 524 900 650 972; x_wconf 74' lang='lat' dir='ltr'><strong>unoque</strong></span> <span class='ocrx_word' id='word_1_62' title='bbox 665 892 739 953; x_wconf 88' lang='lat' dir='ltr'><strong>colle</strong></span> <span class='ocrx_word' id='word_1_63' title='bbox 759 891 943 954; x_wconf 89' lang='lat' dir='ltr'><strong>multitudine</strong></span> <span class='ocrx_word' id='word_1_64' title='bbox 961 894 1087 954; x_wconf 87' lang='lat' dir='ltr'><strong>circum·</strong></span> 
     </span>
     <span class='ocr_line' id='line_1_9' title="bbox 106 975 1115 1054; baseline 0.004 -16"><span class='ocrx_word' id='word_1_65' title='bbox 106 977 173 1038; x_wconf 88' lang='lat' dir='ltr'><strong>dato</strong></span> <span class='ocrx_word' id='word_1_66' title='bbox 196 975 279 1036; x_wconf 87' lang='lat' dir='ltr'><strong>effusi</strong></span> <span class='ocrx_word' id='word_1_67' title='bbox 302 975 471 1037; x_wconf 80' lang='lat' dir='ltr'><strong>consedere.</strong></span> <span class='ocrx_word' id='word_1_68' title='bbox 488 976 560 1039; x_wconf 82' lang='lat' dir='ltr'><strong>llein</strong></span> <span class='ocrx_word' id='word_1_69' title='bbox 583 976 696 1039; x_wconf 80' lang='lat' dir='ltr'><strong>crebris</strong></span> <span class='ocrx_word' id='word_1_70' title='bbox 717 975 834 1054; x_wconf 81' lang='lat' dir='ltr'><strong>ignibus</strong></span> <span class='ocrx_word' id='word_1_71' title='bbox 851 975 935 1037; x_wconf 87' lang='lat' dir='ltr'><strong>factis</strong></span> <span class='ocrx_word' id='word_1_72' title='bbox 957 976 1115 1053; x_wconf 82' lang='lat' dir='ltr'><strong>plerum-6</strong></span> 
     </span>
     <span class='ocr_line' id='line_1_10' title="bbox 107 1058 1090 1139; baseline 0.001 -19"><span class='ocrx_word' id='word_1_73' title='bbox 107 1079 165 1139; x_wconf 88' lang='lat' dir='ltr'><strong>que</strong></span> <span class='ocrx_word' id='word_1_74' title='bbox 192 1060 284 1120; x_wconf 90' lang='lat' dir='ltr'><strong>noctis</strong></span> <span class='ocrx_word' id='word_1_75' title='bbox 310 1058 431 1120; x_wconf 85' lang='lat' dir='ltr'><strong>barbari</strong></span> <span class='ocrx_word' id='word_1_76' title='bbox 455 1077 538 1122; x_wconf 88' lang='lat' dir='ltr'><strong>more</strong></span> <span class='ocrx_word' id='word_1_77' title='bbox 569 1079 622 1122; x_wconf 86' lang='lat' dir='ltr'><strong>suo</strong></span> <span class='ocrx_word' id='word_1_78' title='bbox 650 1060 752 1121; x_wconf 89' lang='lat' dir='ltr'><strong>laetari</strong></span> <span class='ocrx_word' id='word_1_79' title='bbox 781 1059 926 1130; x_wconf 83' lang='lat' dir='ltr'><strong>exultare,</strong></span> <span class='ocrx_word' id='word_1_80' title='bbox 954 1066 1090 1137; x_wconf 74' lang='lat' dir='ltr'><strong>strepere</strong></span> 
     </span>
     <span class='ocr_line' id='line_1_11' title="bbox 72 1141 1088 1222; baseline 0.004 -23"><span class='ocrx_word' id='word_1_81' title='bbox 72 1159 98 1200; x_wconf 82' lang='lat' dir='ltr'><strong>ro</strong></span> <span class='ocrx_word' id='word_1_82' title='bbox 106 1141 234 1211; x_wconf 92' lang='lat' dir='ltr'><strong>vocibus,</strong></span> <span class='ocrx_word' id='word_1_83' title='bbox 259 1150 286 1204; x_wconf 93' lang='lat' dir='ltr'><strong>et</strong></span> <span class='ocrx_word' id='word_1_84' title='bbox 300 1143 355 1222; x_wconf 90' lang='lat' dir='ltr'><strong>ipsi</strong></span> <span class='ocrx_word' id='word_1_85' title='bbox 375 1143 465 1205; x_wconf 90' lang='lat' dir='ltr'><strong>duces</strong></span> <span class='ocrx_word' id='word_1_86' title='bbox 481 1144 611 1215; x_wconf 87' lang='lat' dir='ltr'><strong>feroces,</strong></span> <span class='ocrx_word' id='word_1_87' title='bbox 631 1146 770 1222; x_wconf 90' lang='lat' dir='ltr'><strong>quianon</strong></span> <span class='ocrx_word' id='word_1_88' title='bbox 786 1144 937 1221; x_wconf 90' lang='lat' dir='ltr'><strong>fugerant,</strong></span> <span class='ocrx_word' id='word_1_89' title='bbox 958 1161 1014 1221; x_wconf 90' lang='lat' dir='ltr'><strong>pro</strong></span> <span class='ocrx_word' id='word_1_90' title='bbox 1029 1144 1088 1203; x_wconf 90' lang='lat' dir='ltr'><strong>vic·</strong></span> 
     </span>
     <span class='ocr_line' id='line_1_12' title="bbox 105 1225 1115 1304; baseline 0.004 -19"><span class='ocrx_word' id='word_1_91' title='bbox 105 1225 219 1287; x_wconf 88' lang='lat' dir='ltr'><strong>toribus</strong></span> <span class='ocrx_word' id='word_1_92' title='bbox 241 1244 338 1304; x_wconf 90' lang='lat' dir='ltr'><strong>agere.</strong></span> <span class='ocrx_word' id='word_1_93' title='bbox 376 1226 426 1287; x_wconf 90' lang='lat' dir='ltr'><strong>Set</strong></span> <span class='ocrx_word' id='word_1_94' title='bbox 445 1243 478 1287; x_wconf 89' lang='lat' dir='ltr'><strong>ea</strong></span> <span class='ocrx_word' id='word_1_95' title='bbox 495 1236 599 1288; x_wconf 89' lang='lat' dir='ltr'><strong>cuncta</strong></span> <span class='ocrx_word' id='word_1_96' title='bbox 619 1227 758 1288; x_wconf 87' lang='lat' dir='ltr'><strong>Romanis</strong></span> <span class='ocrx_word' id='word_1_97' title='bbox 775 1244 810 1287; x_wconf 87' lang='grc'><strong>11</strong></span> <span class='ocrx_word' id='word_1_98' title='bbox 833 1226 962 1288; x_wconf 91' lang='lat' dir='ltr'><strong>tenebris</strong></span> <span class='ocrx_word' id='word_1_99' title='bbox 984 1233 1013 1287; x_wconf 90' lang='lat' dir='ltr'><strong>et</strong></span> <span class='ocrx_word' id='word_1_100' title='bbox 1028 1225 1115 1289; x_wconf 83' lang='lat' dir='ltr'><strong>cdi-7</strong></span> 
     </span>
     <span class='ocr_line' id='line_1_13' title="bbox 61 1307 1138 1387; baseline 0 -18"><span class='ocrx_word' id='word_1_101' title='bbox 61 1329 64 1333; x_wconf 65' lang='grc'>’</span> <span class='ocrx_word' id='word_1_102' title='bbox 105 1308 229 1370; x_wconf 80' lang='lat' dir='ltr'><strong>tionibus</strong></span> <span class='ocrx_word' id='word_1_103' title='bbox 242 1308 313 1368; x_wconf 88' lang='lat' dir='ltr'><strong>locis</strong></span> <span class='ocrx_word' id='word_1_104' title='bbox 328 1307 422 1368; x_wconf 79' lang='lat' dir='ltr'><strong>facilia</strong></span> <span class='ocrx_word' id='word_1_105' title='bbox 438 1309 500 1370; x_wconf 90' lang='lat' dir='ltr'><strong>visu</strong></span> <span class='ocrx_word' id='word_1_106' title='bbox 516 1326 680 1387; x_wconf 88' lang='lat' dir='ltr'><strong>magnoque</strong></span> <span class='ocrx_word' id='word_1_107' title='bbox 699 1310 884 1370; x_wconf 87' lang='lat' dir='ltr'><strong>hortamento</strong></span> <span class='ocrx_word' id='word_1_108' title='bbox 902 1316 995 1371; x_wconf 88' lang='lat' dir='ltr'><strong>erant.</strong></span> <span class='ocrx_word' id='word_1_109' title='bbox 1018 1309 1086 1371; x_wconf 89' lang='lat' dir='ltr'><strong>Plu·</strong></span> <span class='ocrx_word' id='word_1_110' title='bbox 1098 1308 1138 1369; x_wconf 89' lang='grc'><strong>99</strong></span> 
     </span>
     <span class='ocr_line' id='line_1_14' title="bbox 105 1389 1089 1471; baseline -0.001 -17"><span class='ocrx_word' id='word_1_111' title='bbox 105 1410 225 1454; x_wconf 91' lang='lat' dir='ltr'><strong>rumum</strong></span> <span class='ocrx_word' id='word_1_112' title='bbox 246 1408 316 1452; x_wconf 88' lang='lat' dir='ltr'><strong>vero</strong></span> <span class='ocrx_word' id='word_1_113' title='bbox 337 1389 445 1451; x_wconf 84' lang='lat' dir='ltr'><strong>Marius</strong></span> <span class='ocrx_word' id='word_1_114' title='bbox 467 1393 600 1469; x_wconf 83' lang='lat' dir='ltr'><strong>inperitia</strong></span> <span class='ocrx_word' id='word_1_115' title='bbox 622 1392 749 1453; x_wconf 91' lang='lat' dir='ltr'><strong>hostium</strong></span> <span class='ocrx_word' id='word_1_116' title='bbox 772 1392 976 1462; x_wconf 87' lang='lat' dir='ltr'><strong>confirmatus,</strong></span> <span class='ocrx_word' id='word_1_117' title='bbox 1001 1410 1089 1471; x_wconf 90' lang='lat' dir='ltr'><strong>quam</strong></span> 
     </span>
     <span class='ocr_line' id='line_1_15' title="bbox 106 1474 1089 1553; baseline -0.001 -17"><span class='ocrx_word' id='word_1_118' title='bbox 106 1493 276 1537; x_wconf 83' lang='lat' dir='ltr'><strong>maxumum</strong></span> <span class='ocrx_word' id='word_1_119' title='bbox 290 1474 436 1536; x_wconf 91' lang='lat' dir='ltr'><strong>silentium</strong></span> <span class='ocrx_word' id='word_1_120' title='bbox 449 1475 552 1536; x_wconf 89' lang='lat' dir='ltr'><strong>haberi</strong></span> <span class='ocrx_word' id='word_1_121' title='bbox 567 1475 661 1545; x_wconf 88' lang='lat' dir='ltr'><strong>iubet,</strong></span> <span class='ocrx_word' id='word_1_122' title='bbox 677 1493 715 1536; x_wconf 93' lang='lat' dir='ltr'><strong>ne</strong></span> <span class='ocrx_word' id='word_1_123' title='bbox 728 1476 810 1552; x_wconf 86' lang='lat' dir='ltr'><strong>signa</strong></span> <span class='ocrx_word' id='word_1_124' title='bbox 827 1474 959 1552; x_wconf 91' lang='lat' dir='ltr'><strong>quidem,</strong></span> <span class='ocrx_word' id='word_1_125' title='bbox 976 1476 1019 1535; x_wconf 92' lang='lat' dir='ltr'><strong>uti</strong></span> <span class='ocrx_word' id='word_1_126' title='bbox 1034 1492 1089 1553; x_wconf 91' lang='lat' dir='ltr'><strong>per</strong></span> 
     </span>
     <span class='ocr_line' id='line_1_16' title="bbox 73 1556 1089 1635; baseline 0.004 -21"><span class='ocrx_word' id='word_1_127' title='bbox 73 1573 97 1615; x_wconf 83' lang='grc'><strong>11</strong></span> <span class='ocrx_word' id='word_1_128' title='bbox 108 1559 217 1635; x_wconf 89' lang='lat' dir='ltr'><strong>vigilias</strong></span> <span class='ocrx_word' id='word_1_129' title='bbox 239 1556 379 1628; x_wconf 90' lang='lat' dir='ltr'><strong>solebant,</strong></span> <span class='ocrx_word' id='word_1_130' title='bbox 397 1575 518 1621; x_wconf 85' lang='lat' dir='ltr'><strong>canere:</strong></span> <span class='ocrx_word' id='word_1_131' title='bbox 540 1558 659 1630; x_wconf 90' lang='lat' dir='ltr'><strong>deinde,</strong></span> <span class='ocrx_word' id='word_1_132' title='bbox 684 1557 736 1620; x_wconf 91' lang='lat' dir='ltr'><strong>ubi</strong></span> <span class='ocrx_word' id='word_1_133' title='bbox 753 1559 803 1620; x_wconf 87' lang='lat' dir='ltr'><strong>lux</strong></span> <span class='ocrx_word' id='word_1_134' title='bbox 825 1557 1014 1626; x_wconf 81' lang='lat' dir='ltr'><strong>adventabat,</strong></span> <span class='ocrx_word' id='word_1_135' title='bbox 1038 1558 1089 1618; x_wconf 90' lang='lat' dir='ltr'><strong>de·</strong></span> 
     </span>
     <span class='ocr_line' id='line_1_17' title="bbox 108 1641 1088 1721; baseline -0.002 -17"><span class='ocrx_word' id='word_1_136' title='bbox 108 1643 191 1704; x_wconf 89' lang='lat' dir='ltr'><strong>fessis</strong></span> <span class='ocrx_word' id='word_1_137' title='bbox 206 1642 264 1703; x_wconf 91' lang='lat' dir='ltr'><strong>iam</strong></span> <span class='ocrx_word' id='word_1_138' title='bbox 281 1641 457 1704; x_wconf 76' lang='lat' dir='ltr'><strong>hostibusne</strong></span> <span class='ocrx_word' id='word_1_139' title='bbox 471 1642 558 1721; x_wconf 92' lang='lat' dir='ltr'><strong>paulo</strong></span> <span class='ocrx_word' id='word_1_140' title='bbox 574 1650 643 1703; x_wconf 90' lang='lat' dir='ltr'><strong>ante</strong></span> <span class='ocrx_word' id='word_1_141' title='bbox 660 1660 763 1703; x_wconf 91' lang='lat' dir='ltr'><strong>somno</strong></span> <span class='ocrx_word' id='word_1_142' title='bbox 779 1643 870 1721; x_wconf 90' lang='lat' dir='ltr'><strong>captis</strong></span> <span class='ocrx_word' id='word_1_143' title='bbox 886 1642 923 1702; x_wconf 92' lang='lat' dir='ltr'><strong>de</strong></span> <span class='ocrx_word' id='word_1_144' title='bbox 941 1642 1088 1719; x_wconf 91' lang='lat' dir='ltr'><strong>inproviso</strong></span> 
     </span>
     <span class='ocr_line' id='line_1_18' title="bbox 109 1724 1088 1803; baseline 0.001 -18"><span class='ocrx_word' id='word_1_145' title='bbox 109 1725 219 1802; x_wconf 86' lang='lat' dir='ltr'><strong>vigiles,</strong></span> <span class='ocrx_word' id='word_1_146' title='bbox 233 1726 302 1785; x_wconf 92' lang='lat' dir='ltr'><strong>item</strong></span> <span class='ocrx_word' id='word_1_147' title='bbox 317 1725 482 1786; x_wconf 84' lang='lat' dir='ltr'><strong>cohortium</strong></span> <span class='ocrx_word' id='word_1_148' title='bbox 496 1735 662 1787; x_wconf 88' lang='lat' dir='ltr'><strong>turmarum</strong></span> <span class='ocrx_word' id='word_1_149' title='bbox 680 1725 829 1803; x_wconf 88' lang='lat' dir='ltr'><strong>legionum</strong></span> <span class='ocrx_word' id='word_1_150' title='bbox 843 1725 987 1786; x_wconf 88' lang='lat' dir='ltr'><strong>tubicines</strong></span> <span class='ocrx_word' id='word_1_151' title='bbox 1002 1724 1088 1786; x_wconf 94' lang='lat' dir='ltr'><strong>simul</strong></span> 
     </span>
     <span class='ocr_line' id='line_1_19' title="bbox 109 1807 1089 1886; baseline 0 -19"><span class='ocrx_word' id='word_1_152' title='bbox 109 1824 212 1867; x_wconf 91' lang='lat' dir='ltr'><strong>omncs</strong></span> <span class='ocrx_word' id='word_1_153' title='bbox 225 1807 306 1884; x_wconf 87' lang='lat' dir='ltr'><strong>signa</strong></span> <span class='ocrx_word' id='word_1_154' title='bbox 329 1825 449 1876; x_wconf 88' lang='lat' dir='ltr'><strong>canere,</strong></span> <span class='ocrx_word' id='word_1_155' title='bbox 471 1807 576 1871; x_wconf 87' lang='lat' dir='ltr'><strong>milites</strong></span> <span class='ocrx_word' id='word_1_156' title='bbox 595 1809 753 1870; x_wconf 90' lang='lat' dir='ltr'><strong>clamorem</strong></span> <span class='ocrx_word' id='word_1_157' title='bbox 774 1808 877 1870; x_wconf 88' lang='lat' dir='ltr'><strong>tollere</strong></span> <span class='ocrx_word' id='word_1_158' title='bbox 892 1815 981 1886; x_wconf 92' lang='lat' dir='ltr'><strong>atque</strong></span> <span class='ocrx_word' id='word_1_159' title='bbox 995 1809 1089 1885; x_wconf 89' lang='lat' dir='ltr'><strong>portis</strong></span> 
     </span>
    </p>
   </div>
   <div class='ocr_carea' id='block_1_3' title="bbox 109 1887 1163 1971">
    <p class='ocr_par' dir='ltr' id='par_1_3' title="bbox 109 1887 1163 1971">
     <span class='ocr_line' id='line_1_20' title="bbox 109 1887 1163 1971; baseline 0.005 -20"><span class='ocrx_word' id='word_1_160' title='bbox 109 1907 265 1968; x_wconf 88' lang='lat' dir='ltr'><strong>erumpere</strong></span> <span class='ocrx_word' id='word_1_161' title='bbox 280 1887 399 1971; x_wconf 89' lang='lat' dir='ltr'><strong>[iubet].</strong></span> <span class='ocrx_word' id='word_1_162' title='bbox 435 1890 528 1952; x_wconf 87' lang='lat' dir='ltr'><strong>blauri</strong></span> <span class='ocrx_word' id='word_1_163' title='bbox 543 1900 630 1971; x_wconf 89' lang='lat' dir='ltr'><strong>atque</strong></span> <span class='ocrx_word' id='word_1_164' title='bbox 645 1891 772 1961; x_wconf 85' lang='lat' dir='ltr'><strong>Gaetuli,</strong></span> <span class='ocrx_word' id='word_1_165' title='bbox 795 1893 893 1968; x_wconf 85' lang='lat' dir='ltr'><strong>ignoto</strong></span> <span class='ocrx_word' id='word_1_166' title='bbox 911 1897 939 1952; x_wconf 91' lang='grc'><strong>11</strong></span> <span class='ocrx_word' id='word_1_167' title='bbox 954 1889 1115 1951; x_wconf 79' lang='lat' dir='ltr'><strong>horribilis</strong></span> <span class='ocrx_word' id='word_1_168' title='bbox 1148 1929 1163 1956; x_wconf 67' lang='lat'><em>0</em></span> 
     </span>
    </p>
   </div>
   <div class='ocr_carea' id='block_1_4' title="bbox 73 1975 1139 3556">
    <p class='ocr_par' dir='ltr' id='par_1_4' title="bbox 74 1975 1114 2385">
     <span class='ocr_line' id='line_1_21' title="bbox 74 1975 1087 2056; baseline 0.002 -23"><span class='ocrx_word' id='word_1_169' title='bbox 74 1975 202 2034; x_wconf 83' lang='lat' dir='ltr'><strong>sosonitu</strong></span> <span class='ocrx_word' id='word_1_170' title='bbox 217 1981 347 2051; x_wconf 82' lang='lat' dir='ltr'><strong>,repento</strong></span> <span class='ocrx_word' id='word_1_171' title='bbox 371 1975 471 2045; x_wconf 83' lang='lat' dir='ltr'><strong>exciti,</strong></span> <span class='ocrx_word' id='word_1_172' title='bbox 503 1993 600 2056; x_wconf 92' lang='lat' dir='ltr'><strong>neque</strong></span> <span class='ocrx_word' id='word_1_173' title='bbox 619 1975 722 2052; x_wconf 85' lang='lat' dir='ltr'><strong>fugere</strong></span> <span class='ocrx_word' id='word_1_174' title='bbox 746 1992 842 2052; x_wconf 90' lang='lat' dir='ltr'><strong>neque</strong></span> <span class='ocrx_word' id='word_1_175' title='bbox 869 1991 950 2034; x_wconf 85' lang='lat' dir='ltr'><strong>arma</strong></span> <span class='ocrx_word' id='word_1_176' title='bbox 972 1990 1087 2052; x_wconf 91' lang='lat' dir='ltr'><strong>capere,</strong></span> 
     </span>
     <span class='ocr_line' id='line_1_22' title="bbox 107 2058 1114 2139; baseline -0.001 -22"><span class='ocrx_word' id='word_1_177' title='bbox 107 2076 202 2137; x_wconf 92' lang='lat' dir='ltr'><strong>neque</strong></span> <span class='ocrx_word' id='word_1_178' title='bbox 217 2058 336 2118; x_wconf 90' lang='lat' dir='ltr'><strong>omnino</strong></span> <span class='ocrx_word' id='word_1_179' title='bbox 350 2059 448 2120; x_wconf 92' lang='lat' dir='ltr'><strong>facere</strong></span> <span class='ocrx_word' id='word_1_180' title='bbox 462 2067 512 2121; x_wconf 90' lang='lat' dir='ltr'><strong>aut</strong></span> <span class='ocrx_word' id='word_1_181' title='bbox 531 2061 686 2139; x_wconf 91' lang='lat' dir='ltr'><strong>providere</strong></span> <span class='ocrx_word' id='word_1_182' title='bbox 702 2060 858 2138; x_wconf 92' lang='lat' dir='ltr'><strong>quicquam</strong></span> <span class='ocrx_word' id='word_1_183' title='bbox 876 2063 1028 2135; x_wconf 90' lang='lat' dir='ltr'><strong>poterant:</strong></span> <span class='ocrx_word' id='word_1_184' title='bbox 1048 2059 1114 2117; x_wconf 82' lang='grc'><strong>1113</strong></span> 
     </span>
     <span class='ocr_line' id='line_1_23' title="bbox 107 2141 1089 2219; baseline -0.002 -17"><span class='ocrx_word' id='word_1_185' title='bbox 107 2147 227 2202; x_wconf 88' lang='lat' dir='ltr'><strong>cunctos</strong></span> <span class='ocrx_word' id='word_1_186' title='bbox 245 2143 367 2219; x_wconf 89' lang='lat' dir='ltr'><strong>strepitu</strong></span> <span class='ocrx_word' id='word_1_187' title='bbox 382 2142 524 2214; x_wconf 86' lang='lat' dir='ltr'><strong>clamore,</strong></span> <span class='ocrx_word' id='word_1_188' title='bbox 546 2143 627 2205; x_wconf 94' lang='lat' dir='ltr'><strong>nullo</strong></span> <span class='ocrx_word' id='word_1_189' title='bbox 648 2142 837 2204; x_wconf 85' lang='lat' dir='ltr'><strong>subveniente</strong></span> <span class='ocrx_word' id='word_1_190' title='bbox 855 2142 962 2202; x_wconf 89' lang='lat' dir='ltr'><strong>nostris</strong></span> <span class='ocrx_word' id='word_1_191' title='bbox 978 2141 1089 2201; x_wconf 90' lang='lat' dir='ltr'><strong>instan-</strong></span> 
     </span>
     <span class='ocr_line' id='line_1_24' title="bbox 107 2223 1089 2304; baseline 0 -20"><span class='ocrx_word' id='word_1_192' title='bbox 107 2223 197 2293; x_wconf 89' lang='lat' dir='ltr'><strong>tibus,</strong></span> <span class='ocrx_word' id='word_1_193' title='bbox 218 2223 344 2285; x_wconf 90' lang='lat' dir='ltr'><strong>tumultu</strong></span> <span class='ocrx_word' id='word_1_194' title='bbox 361 2224 516 2292; x_wconf 89' lang='lat' dir='ltr'><strong>formidine</strong></span> <span class='ocrx_word' id='word_1_195' title='bbox 523 2229 607 2304; x_wconf 90' lang='lat' dir='ltr'><strong>quasi</strong></span> <span class='ocrx_word' id='word_1_196' title='bbox 621 2226 776 2289; x_wconf 84' lang='lat' dir='ltr'><strong>vaecordia</strong></span> <span class='ocrx_word' id='word_1_197' title='bbox 789 2232 916 2303; x_wconf 89' lang='lat' dir='ltr'><strong>ceperat.</strong></span> <span class='ocrx_word' id='word_1_198' title='bbox 957 2224 1089 2303; x_wconf 85' lang='lat' dir='ltr'><strong>Denique</strong></span> 
     </span>
     <span class='ocr_line' id='line_1_25' title="bbox 109 2305 1087 2385; baseline -0.002 -18"><span class='ocrx_word' id='word_1_199' title='bbox 109 2323 211 2367; x_wconf 87' lang='lat' dir='ltr'><strong>omnes</strong></span> <span class='ocrx_word' id='word_1_200' title='bbox 224 2305 282 2366; x_wconf 90' lang='lat' dir='ltr'><strong>fusi</strong></span> <span class='ocrx_word' id='word_1_201' title='bbox 293 2305 457 2385; x_wconf 74' lang='lat' dir='ltr'><strong>fugatique:</strong></span> <span class='ocrx_word' id='word_1_202' title='bbox 469 2327 550 2369; x_wconf 89' lang='lat' dir='ltr'><strong>arma</strong></span> <span class='ocrx_word' id='word_1_203' title='bbox 561 2316 591 2369; x_wconf 92' lang='lat' dir='ltr'><strong>et</strong></span> <span class='ocrx_word' id='word_1_204' title='bbox 601 2311 682 2385; x_wconf 84' lang='lat' dir='ltr'><strong>signa</strong></span> <span class='ocrx_word' id='word_1_205' title='bbox 693 2309 828 2368; x_wconf 88' lang='lat' dir='ltr'><strong>militaria</strong></span> <span class='ocrx_word' id='word_1_206' title='bbox 840 2306 979 2385; x_wconf 88' lang='lat' dir='ltr'><strong>pleraque</strong></span> <span class='ocrx_word' id='word_1_207' title='bbox 994 2313 1087 2383; x_wconf 86' lang='lat' dir='ltr'><strong>capta,</strong></span> 
     </span>
    </p>

    <p class='ocr_par' dir='ltr' id='par_1_5' title="bbox 73 2387 1085 2550">
     <span class='ocr_line' id='line_1_26' title="bbox 73 2387 1085 2468; baseline 0 -22"><span class='ocrx_word' id='word_1_208' title='bbox 73 2409 98 2447; x_wconf 75' lang='lat' dir='ltr'><strong>rs</strong></span> <span class='ocrx_word' id='word_1_209' title='bbox 109 2389 268 2468; x_wconf 87' lang='lat' dir='ltr'><strong>pluresque</strong></span> <span class='ocrx_word' id='word_1_210' title='bbox 276 2408 311 2450; x_wconf 88' lang='lat' dir='ltr'><strong>eo</strong></span> <span class='ocrx_word' id='word_1_211' title='bbox 325 2388 438 2467; x_wconf 88' lang='lat' dir='ltr'><strong>proelio</strong></span> <span class='ocrx_word' id='word_1_212' title='bbox 450 2408 538 2468; x_wconf 89' lang='lat' dir='ltr'><strong>quam</strong></span> <span class='ocrx_word' id='word_1_213' title='bbox 549 2390 686 2451; x_wconf 92' lang='lat' dir='ltr'><strong>omnibus</strong></span> <span class='ocrx_word' id='word_1_214' title='bbox 697 2387 898 2468; x_wconf 89' lang='lat' dir='ltr'><strong>superioribus</strong></span> <span class='ocrx_word' id='word_1_215' title='bbox 909 2389 1085 2465; x_wconf 88' lang='lat' dir='ltr'><strong>interempti.</strong></span> 
     </span>
     <span class='ocr_line' id='line_1_27' title="bbox 106 2472 824 2550; baseline -0.003 -16"><span class='ocrx_word' id='word_1_216' title='bbox 106 2473 180 2534; x_wconf 88' lang='lat' dir='ltr'><strong>Nam</strong></span> <span class='ocrx_word' id='word_1_217' title='bbox 198 2489 302 2533; x_wconf 92' lang='lat' dir='ltr'><strong>somno</strong></span> <span class='ocrx_word' id='word_1_218' title='bbox 318 2478 347 2533; x_wconf 90' lang='lat' dir='ltr'><strong>et</strong></span> <span class='ocrx_word' id='word_1_219' title='bbox 363 2479 443 2534; x_wconf 91' lang='lat' dir='ltr'><strong>metu</strong></span> <span class='ocrx_word' id='word_1_220' title='bbox 464 2472 579 2533; x_wconf 90' lang='lat' dir='ltr'><strong>insolito</strong></span> <span class='ocrx_word' id='word_1_221' title='bbox 600 2472 728 2550; x_wconf 88' lang='lat' dir='ltr'><strong>inpedita</strong></span> <span class='ocrx_word' id='word_1_222' title='bbox 745 2472 824 2549; x_wconf 83' lang='lat' dir='ltr'><strong>fuga.</strong></span> 
     </span>
    </p>

    <p class='ocr_par' dir='ltr' id='par_1_6' title="bbox 106 2551 1139 2802">
     <span class='ocr_line' id='line_1_28' title="bbox 191 2551 1139 2634; baseline -0.005 -18"><span class='ocrx_word' id='word_1_223' title='bbox 191 2555 264 2617; x_wconf 87' lang='lat' dir='ltr'><strong>Dein</strong></span> <span class='ocrx_word' id='word_1_224' title='bbox 275 2554 382 2617; x_wconf 86' lang='lat' dir='ltr'><strong>Marius</strong></span> <span class='ocrx_word' id='word_1_225' title='bbox 396 2557 439 2617; x_wconf 91' lang='lat' dir='ltr'><strong>uti</strong></span> <span class='ocrx_word' id='word_1_226' title='bbox 453 2565 597 2634; x_wconf 86' lang='lat' dir='ltr'><strong>coeperat,</strong></span> <span class='ocrx_word' id='word_1_227' title='bbox 612 2559 642 2616; x_wconf 90' lang='lat' dir='ltr'><strong>in</strong></span> <span class='ocrx_word' id='word_1_228' title='bbox 653 2551 1139 2631; x_wconf 80' lang='lat' dir='ltr'><strong>hiberna********prop·100</strong></span> 
     </span>
     <span class='ocr_line' id='line_1_29' title="bbox 106 2638 1087 2718; baseline -0.006 -16"><span class='ocrx_word' id='word_1_229' title='bbox 106 2650 151 2702; x_wconf 88' lang='lat' dir='ltr'><strong>ter</strong></span> <span class='ocrx_word' id='word_1_230' title='bbox 181 2646 366 2702; x_wconf 90' lang='lat' dir='ltr'><strong>conmeatum</strong></span> <span class='ocrx_word' id='word_1_231' title='bbox 393 2640 423 2699; x_wconf 91' lang='lat' dir='ltr'><strong>in</strong></span> <span class='ocrx_word' id='word_1_232' title='bbox 451 2639 564 2718; x_wconf 91' lang='lat' dir='ltr'><strong>oppidis</strong></span> <span class='ocrx_word' id='word_1_233' title='bbox 591 2639 754 2700; x_wconf 90' lang='lat' dir='ltr'><strong>maritumis</strong></span> <span class='ocrx_word' id='word_1_234' title='bbox 786 2656 875 2717; x_wconf 89' lang='lat' dir='ltr'><strong>agero</strong></span> <span class='ocrx_word' id='word_1_235' title='bbox 907 2638 1087 2698; x_wconf 90' lang='lat' dir='ltr'><strong>decreverat.</strong></span> 
     </span>
     <span class='ocr_line' id='line_1_30' title="bbox 108 2721 1089 2802; baseline -0.005 -18"><span class='ocrx_word' id='word_1_236' title='bbox 108 2723 209 2802; x_wconf 89' lang='lat' dir='ltr'><strong>Neque</strong></span> <span class='ocrx_word' id='word_1_237' title='bbox 225 2729 323 2784; x_wconf 82' lang='grc'><strong>111111</strong></span> <span class='ocrx_word' id='word_1_238' title='bbox 337 2723 456 2784; x_wconf 87' lang='lat' dir='ltr'><strong>victoria</strong></span> <span class='ocrx_word' id='word_1_239' title='bbox 475 2740 575 2783; x_wconf 90' lang='lat' dir='ltr'><strong>socors</strong></span> <span class='ocrx_word' id='word_1_240' title='bbox 590 2731 639 2784; x_wconf 86' lang='lat' dir='ltr'><strong>aut</strong></span> <span class='ocrx_word' id='word_1_241' title='bbox 653 2721 781 2783; x_wconf 88' lang='lat' dir='ltr'><strong>insolens</strong></span> <span class='ocrx_word' id='word_1_242' title='bbox 794 2722 903 2789; x_wconf 91' lang='lat' dir='ltr'><strong>factus,</strong></span> <span class='ocrx_word' id='word_1_243' title='bbox 920 2725 964 2780; x_wconf 88' lang='lat' dir='ltr'><strong>set</strong></span> <span class='ocrx_word' id='word_1_244' title='bbox 978 2721 1089 2798; x_wconf 89' lang='lat' dir='ltr'><strong>pariter</strong></span> 
     </span>
    </p>

    <p class='ocr_par' dir='ltr' id='par_1_7' title="bbox 73 2802 1115 3219">
     <span class='ocr_line' id='line_1_31' title="bbox 73 2802 1115 2886; baseline -0.006 -20"><span class='ocrx_word' id='word_1_245' title='bbox 73 2825 99 2866; x_wconf 82' lang='lat' dir='ltr'><strong>ao</strong></span> <span class='ocrx_word' id='word_1_246' title='bbox 109 2815 195 2885; x_wconf 89' lang='lat' dir='ltr'><strong>atque</strong></span> <span class='ocrx_word' id='word_1_247' title='bbox 209 2806 240 2866; x_wconf 91' lang='grc'><strong>11</strong></span> <span class='ocrx_word' id='word_1_248' title='bbox 251 2813 409 2885; x_wconf 90' lang='lat' dir='ltr'><strong>conspectu</strong></span> <span class='ocrx_word' id='word_1_249' title='bbox 422 2806 548 2867; x_wconf 90' lang='lat' dir='ltr'><strong>bostium</strong></span> <span class='ocrx_word' id='word_1_250' title='bbox 560 2806 702 2886; x_wconf 85' lang='lat' dir='ltr'><strong>quadrato</strong></span> <span class='ocrx_word' id='word_1_251' title='bbox 713 2805 828 2881; x_wconf 79' lang='lat' dir='ltr'><strong>agmine</strong></span> <span class='ocrx_word' id='word_1_252' title='bbox 842 2803 993 2865; x_wconf 87' lang='lat' dir='ltr'><strong>incedere:</strong></span> <span class='ocrx_word' id='word_1_253' title='bbox 1010 2802 1115 2864; x_wconf 74' lang='lat' dir='ltr'><strong>Sullas</strong></span> 
     </span>
     <span class='ocr_line' id='line_1_32' title="bbox 108 2884 1089 2968; baseline -0.005 -17"><span class='ocrx_word' id='word_1_254' title='bbox 108 2908 176 2951; x_wconf 90' lang='lat' dir='ltr'><strong>oum</strong></span> <span class='ocrx_word' id='word_1_255' title='bbox 193 2889 322 2968; x_wconf 88' lang='lat' dir='ltr'><strong>equitatu</strong></span> <span class='ocrx_word' id='word_1_256' title='bbox 343 2888 421 2966; x_wconf 90' lang='lat' dir='ltr'><strong>apud</strong></span> <span class='ocrx_word' id='word_1_257' title='bbox 437 2888 597 2960; x_wconf 83' lang='lat' dir='ltr'><strong>dextumos,</strong></span> <span class='ocrx_word' id='word_1_258' title='bbox 618 2891 648 2950; x_wconf 92' lang='grc'><strong>11</strong></span> <span class='ocrx_word' id='word_1_259' title='bbox 669 2888 785 2949; x_wconf 86' lang='lat' dir='ltr'><strong>sinistra</strong></span> <span class='ocrx_word' id='word_1_260' title='bbox 805 2894 889 2967; x_wconf 87' lang='lat' dir='ltr'><strong>parte</strong></span> <span class='ocrx_word' id='word_1_261' title='bbox 910 2889 944 2948; x_wconf 81' lang='grc' dir='ltr'><strong>Α.</strong></span> <span class='ocrx_word' id='word_1_262' title='bbox 966 2884 1089 2947; x_wconf 88' lang='lat' dir='ltr'><strong>Manlius</strong></span> 
     </span>
     <span class='ocr_line' id='line_1_33' title="bbox 109 2970 1088 3050; baseline -0.004 -16"><span class='ocrx_word' id='word_1_263' title='bbox 109 2992 176 3035; x_wconf 91' lang='lat' dir='ltr'><strong>oum</strong></span> <span class='ocrx_word' id='word_1_264' title='bbox 195 2970 391 3034; x_wconf 90' lang='lat' dir='ltr'><strong>funditoribus</strong></span> <span class='ocrx_word' id='word_1_265' title='bbox 405 2978 434 3033; x_wconf 91' lang='lat' dir='ltr'><strong>et</strong></span> <span class='ocrx_word' id='word_1_266' title='bbox 450 2973 612 3050; x_wconf 87' lang='lat' dir='ltr'><strong>sagittariis,</strong></span> <span class='ocrx_word' id='word_1_267' title='bbox 627 2980 779 3050; x_wconf 88' lang='lat' dir='ltr'><strong>praeterea</strong></span> <span class='ocrx_word' id='word_1_268' title='bbox 797 2971 926 3033; x_wconf 89' lang='lat' dir='ltr'><strong>cohortis</strong></span> <span class='ocrx_word' id='word_1_269' title='bbox 946 2972 1088 3046; x_wconf 78' lang='lat' dir='ltr'><strong>Ligurum</strong></span> 
     </span>
     <span class='ocr_line' id='line_1_34' title="bbox 110 3052 1088 3135; baseline -0.005 -18"><span class='ocrx_word' id='word_1_270' title='bbox 110 3056 247 3119; x_wconf 84' lang='lat' dir='ltr'><strong>curabat:</strong></span> <span class='ocrx_word' id='word_1_271' title='bbox 269 3055 380 3135; x_wconf 91' lang='lat' dir='ltr'><strong>primos</strong></span> <span class='ocrx_word' id='word_1_272' title='bbox 403 3062 432 3116; x_wconf 89' lang='lat' dir='ltr'><strong>ct</strong></span> <span class='ocrx_word' id='word_1_273' title='bbox 449 3062 594 3118; x_wconf 83' lang='lat' dir='ltr'><strong>extremos</strong></span> <span class='ocrx_word' id='word_1_274' title='bbox 617 3075 684 3117; x_wconf 92' lang='lat' dir='ltr'><strong>cum</strong></span> <span class='ocrx_word' id='word_1_275' title='bbox 697 3055 838 3135; x_wconf 84' lang='lat' dir='ltr'><strong>expeditis</strong></span> <span class='ocrx_word' id='word_1_276' title='bbox 860 3052 1015 3131; x_wconf 85' lang='lat' dir='ltr'><strong>manipulis</strong></span> <span class='ocrx_word' id='word_1_277' title='bbox 1036 3052 1088 3112; x_wconf 90' lang='lat' dir='ltr'><strong>tri·</strong></span> 
     </span>
     <span class='ocr_line' id='line_1_35' title="bbox 108 3135 1113 3219; baseline -0.004 -18"><span class='ocrx_word' id='word_1_278' title='bbox 108 3140 205 3202; x_wconf 90' lang='lat' dir='ltr'><strong>bunos</strong></span> <span class='ocrx_word' id='word_1_279' title='bbox 216 3138 377 3202; x_wconf 85' lang='lat' dir='ltr'><strong>locaverat:</strong></span> <span class='ocrx_word' id='word_1_280' title='bbox 391 3141 545 3219; x_wconf 80' lang='lat' dir='ltr'><strong>perfugae,</strong></span> <span class='ocrx_word' id='word_1_281' title='bbox 562 3141 691 3203; x_wconf 89' lang='lat' dir='ltr'><strong>minume</strong></span> <span class='ocrx_word' id='word_1_282' title='bbox 706 3140 767 3201; x_wconf 92' lang='lat' dir='ltr'><strong>cari</strong></span> <span class='ocrx_word' id='word_1_283' title='bbox 782 3146 810 3201; x_wconf 92' lang='lat' dir='ltr'><strong>et</strong></span> <span class='ocrx_word' id='word_1_284' title='bbox 824 3139 978 3216; x_wconf 85' lang='lat' dir='ltr'><strong>regionum</strong></span> <span class='ocrx_word' id='word_1_285' title='bbox 993 3135 1113 3197; x_wconf 80' lang='lat' dir='ltr'><strong>scien-3</strong></span> 
     </span>
    </p>

    <p class='ocr_par' dir='ltr' id='par_1_8' title="bbox 78 3217 1114 3556">
     <span class='ocr_line' id='line_1_36' title="bbox 78 3217 1087 3303; baseline -0.009 -17"><span class='ocrx_word' id='word_1_286' title='bbox 78 3225 237 3294; x_wconf 76' lang='lat' dir='ltr'><strong>niissumi,</strong></span> <span class='ocrx_word' id='word_1_287' title='bbox 252 3223 380 3284; x_wconf 90' lang='lat' dir='ltr'><strong>hostium</strong></span> <span class='ocrx_word' id='word_1_288' title='bbox 394 3223 449 3284; x_wconf 90' lang='lat' dir='ltr'><strong>iter</strong></span> <span class='ocrx_word' id='word_1_289' title='bbox 467 3222 665 3303; x_wconf 83' lang='lat' dir='ltr'><strong>explorabant.</strong></span> <span class='ocrx_word' id='word_1_290' title='bbox 694 3221 785 3283; x_wconf 90' lang='lat' dir='ltr'><strong>Simul</strong></span> <span class='ocrx_word' id='word_1_291' title='bbox 798 3217 898 3282; x_wconf 87' lang='lat' dir='ltr'><strong>consul</strong></span> <span class='ocrx_word' id='word_1_292' title='bbox 912 3220 993 3297; x_wconf 92' lang='lat' dir='ltr'><strong>quasi</strong></span> <span class='ocrx_word' id='word_1_293' title='bbox 1007 3217 1087 3280; x_wconf 91' lang='lat' dir='ltr'><strong>nullo</strong></span> 
     </span>
     <span class='ocr_line' id='line_1_37' title="bbox 110 3301 1088 3388; baseline -0.01 -18"><span class='ocrx_word' id='word_1_294' title='bbox 110 3309 234 3388; x_wconf 89' lang='lat' dir='ltr'><strong>inposito</strong></span> <span class='ocrx_word' id='word_1_295' title='bbox 257 3308 352 3368; x_wconf 90' lang='lat' dir='ltr'><strong>omnia</strong></span> <span class='ocrx_word' id='word_1_296' title='bbox 374 3306 544 3385; x_wconf 90' lang='lat' dir='ltr'><strong>providere,</strong></span> <span class='ocrx_word' id='word_1_297' title='bbox 566 3307 644 3385; x_wconf 91' lang='lat' dir='ltr'><strong>apud</strong></span> <span class='ocrx_word' id='word_1_298' title='bbox 666 3307 759 3367; x_wconf 90' lang='lat' dir='ltr'><strong>omnis</strong></span> <span class='ocrx_word' id='word_1_299' title='bbox 780 3304 895 3373; x_wconf 88' lang='lat' dir='ltr'><strong>adesse,</strong></span> <span class='ocrx_word' id='word_1_300' title='bbox 917 3301 1037 3364; x_wconf 88' lang='lat' dir='ltr'><strong>laudare</strong></span> <span class='ocrx_word' id='word_1_301' title='bbox 1059 3309 1088 3363; x_wconf 92' lang='lat' dir='ltr'><strong>et</strong></span> 
     </span>
     <span class='ocr_line' id='line_1_38' title="bbox 110 3385 1114 3471; baseline -0.003 -19"><span class='ocrx_word' id='word_1_302' title='bbox 110 3393 264 3471; x_wconf 86' lang='lat' dir='ltr'><strong>increpare</strong></span> <span class='ocrx_word' id='word_1_303' title='bbox 285 3392 433 3453; x_wconf 88' lang='lat' dir='ltr'><strong>merentis.</strong></span> <span class='ocrx_word' id='word_1_304' title='bbox 467 3391 533 3470; x_wconf 88' lang='lat' dir='ltr'><strong>lpse</strong></span> <span class='ocrx_word' id='word_1_305' title='bbox 554 3397 682 3452; x_wconf 87' lang='lat' dir='ltr'><strong>armatus</strong></span> <span class='ocrx_word' id='word_1_306' title='bbox 695 3391 881 3466; x_wconf 89' lang='lat' dir='ltr'><strong>intentusque</strong></span> <span class='ocrx_word' id='word_1_307' title='bbox 899 3387 968 3447; x_wconf 92' lang='lat' dir='ltr'><strong>item</strong></span> <span class='ocrx_word' id='word_1_308' title='bbox 984 3385 1114 3449; x_wconf 79' lang='lat' dir='ltr'><strong>militeso</strong></span> 
     </span>
     <span class='ocr_line' id='line_1_39' title="bbox 112 3472 1102 3556; baseline -0.002 -20"><span class='ocrx_word' id='word_1_309' title='bbox 112 3475 249 3553; x_wconf 88' lang='lat' dir='ltr'><strong>cogebat:</strong></span> <span class='ocrx_word' id='word_1_310' title='bbox 271 3493 366 3554; x_wconf 90' lang='lat' dir='ltr'><strong>neque</strong></span> <span class='ocrx_word' id='word_1_311' title='bbox 381 3493 466 3539; x_wconf 89' lang='lat' dir='ltr'><strong>secus</strong></span> <span class='ocrx_word' id='word_1_312' title='bbox 481 3481 567 3556; x_wconf 87' lang='lat' dir='ltr'><strong>atque</strong></span> <span class='ocrx_word' id='word_1_313' title='bbox 582 3475 636 3539; x_wconf 87' lang='lat' dir='ltr'><strong>iter</strong></span> <span class='ocrx_word' id='word_1_314' title='bbox 655 3475 772 3547; x_wconf 85' lang='lat' dir='ltr'><strong>facere,</strong></span> <span class='ocrx_word' id='word_1_315' title='bbox 791 3478 893 3533; x_wconf 78' lang='lat' dir='ltr'><strong>castra</strong></span> <span class='ocrx_word' id='word_1_316' title='bbox 899 3472 1039 3534; x_wconf 69' lang='grc'><strong>11111111.</strong></span> <span class='ocrx_word' id='word_1_317' title='bbox 1048 3484 1102 3523; x_wconf 69' lang='lat' dir='ltr'><strong>ex-</strong></span> 
     </span>
    </p>
   </div>
   <div class='ocr_carea' id='block_1_5' title="bbox 887 3570 1152 3696">
    <p class='ocr_par' dir='ltr' id='par_1_9' title="bbox 887 3570 1152 3673">
     <span class='ocr_line' id='line_1_40' title="bbox 916 3570 967 3633; baseline 0 0"><span class='ocrx_word' id='word_1_318' title='bbox 916 3570 967 3633; x_wconf 59' lang='grc' dir='ltr'>Ῥ</span> 
     </span>
     <span class='ocr_line' id='line_1_41' title="bbox 887 3607 1152 3636; baseline -0.008 0"><span class='ocrx_word' id='word_1_319' title='bbox 887 3621 894 3636; x_wconf 61' lang='grc' dir='ltr'><strong>ὃ</strong></span> <span class='ocrx_word' id='word_1_320' title='bbox 969 3614 1000 3635; x_wconf 66' lang='lat'><strong>³¹1</strong></span> <span class='ocrx_word' id='word_1_321' title='bbox 1038 3607 1042 3615; x_wconf 59' lang='grc' dir='ltr'>Ι</span> <span class='ocrx_word' id='word_1_322' title='bbox 1094 3612 1113 3631; x_wconf 77' lang='grc' dir='ltr'><strong>ι’</strong></span> <span class='ocrx_word' id='word_1_323' title='bbox 1132 3610 1152 3621; x_wconf 69' lang='grc'><strong>”</strong></span> 
     </span>
     <span class='ocr_line' id='line_1_42' title="bbox 895 3634 1128 3673; baseline 0.009 -9"><span class='ocrx_word' id='word_1_324' title='bbox 895 3650 901 3664; x_wconf 73' lang='lat' dir='ltr'><strong>b</strong></span> <span class='ocrx_word' id='word_1_325' title='bbox 932 3647 940 3661; x_wconf 74' lang='lat'>⁸</span> <span class='ocrx_word' id='word_1_326' title='bbox 972 3651 979 3666; x_wconf 71' lang='lat' dir='ltr'><strong>a</strong></span> <span class='ocrx_word' id='word_1_327' title='bbox 1009 3634 1055 3673; x_wconf 75' lang='lat'><strong>·¹,¹</strong></span> <span class='ocrx_word' id='word_1_328' title='bbox 1124 3636 1128 3643; x_wconf 80' lang='grc'><strong>’</strong></span> 
     </span>
    </p>

    <p class='ocr_par' dir='ltr' id='par_1_10' title="bbox 902 3680 1017 3696">
     <span class='ocr_line' id='line_1_43' title="bbox 902 3680 1017 3696; baseline 0.009 -1"><span class='ocrx_word' id='word_1_329' title='bbox 902 3686 909 3695; x_wconf 72' lang='lat' dir='ltr'><em>a</em></span> <span class='ocrx_word' id='word_1_330' title='bbox 943 3680 950 3695; x_wconf 67' lang='lat' dir='ltr'>J</span> <span class='ocrx_word' id='word_1_331' title='bbox 986 3680 1017 3696; x_wconf 50' lang='grc' dir='ltr'><strong>ι’</strong></span> 
     </span>
    </p>
   </div>
   <div class='ocr_carea' id='block_1_6' title="bbox 0 0 1236 3854">
    <p class='ocr_par' dir='ltr' id='par_1_11' title="bbox 0 0 1236 3854">
     <span class='ocr_line' id='line_1_44' title="bbox 0 0 1236 3854; baseline 0 0"><span class='ocrx_word' id='word_1_332' title='bbox 0 0 1236 3854; x_wconf 95' lang='lat' dir='ltr'><strong> </strong></span> 
     </span>
    </p>
   </div>
   <div class='ocr_carea' id='block_1_7' title="bbox 1167 3673 1198 3777">
    <p class='ocr_par' dir='ltr' id='par_1_12' title="bbox 1167 3673 1198 3777">
     <span class='ocr_line' id='line_1_45' title="bbox 1167 3673 1198 3777; baseline 0 -14"><span class='ocrx_word' id='word_1_333' title='bbox 1167 3673 1198 3777; x_wconf 64' lang='lat' dir='ltr'><strong>[t</strong></span> 
     </span>
    </p>
   </div>
  </div>
 </body>
</html>
