2422 3854
377 223 418 263 nx
440 219 606 264 22222222
627 220 826 264 excurrens.
1032 201 1091 264 119

112 389 161 433 res
183 380 212 431 et
232 369 328 448 ignavi
350 369 492 448 cuiusque
517 369 712 430 tenuissumas
738 386 806 447 spes
831 369 1007 431 frustratur:
1034 388 1091 449 qiua
1108 379 1143 431 22

112 463 210 516 tamen
231 454 361 532 quumvis
383 451 492 532 ampla,
513 453 651 530 quonism
672 453 770 513 serviti
789 453 917 531 pretium
930 459 1090 515 ostentare·

111 545 169 608 tur,
193 537 276 598 cuim
294 535 455 614 torpedinis
468 541 530 596 erat
552 535 646 613 decipi
661 543 691 596 et
711 542 876 598 vostrarum
898 554 999 599 rerum
1014 535 1091 597 ultro

112 621 236 682 iniuriae
251 621 372 698 gratiam
387 618 516 680 2222221
539 617 690 679 Gerendus
713 618 865 682 dolusest.
887 619 1020 699 Namque
1031 619 1091 681 2112
1108 628 1142 680 21

89 703 201 769 2122112
222 721 319 782 nesure
340 701 436 763 valent
457 703 487 762 in
509 703 671 771 univorsos,
689 720 789 780 neque
812 703 1006 766 sonabuntur.
1037 703 1093 765 ita·
1109 712 1142 763 22

113 806 170 865 que
191 785 277 848 simul
304 793 467 864 conparant
490 783 686 846 delenimenta
712 792 741 846 et
760 786 900 847 differunt
918 803 969 846 vos
990 789 1020 848 in
1042 789 1092 850 ad·

113 878 231 932 ventum
247 870 304 931 Gn.
327 870 463 948 Pompei:
483 884 575 946 quern
596 871 706 948 ipsum,
730 869 781 930 ubi
802 872 981 948 pertimuere
995 871 1092 932 subla·

113 963 174 1015 tum
196 956 226 1014 in
248 954 376 1015 eervices
396 970 473 1022 suas,
490 970 559 1012 mox
578 953 696 1030 dempto
716 959 797 1013 metu
816 954 955 1015 lacerent·
992 953 1094 1033 Neque
1111 966 1145 1018 22

113 1054 164 1098 222
185 1037 290 1114 pudet,
312 1037 440 1099 vindices
461 1037 504 1097 uti
526 1053 558 1097 se
580 1035 681 1097 ferunt
698 1037 853 1106 libertatis,
876 1043 920 1096 121
936 1038 1016 1097 uiros
1031 1039 1094 1099 sine

79 1126 239 1184 2222221
260 1123 410 1182 remittere
429 1120 567 1180 ittiuniam
581 1137 645 1180 non
667 1121 775 1182 audere
797 1122 904 1182 aetius
923 1138 983 1180 non
1007 1138 1093 1199 posse

113 1204 279 1267 (1212211222.
323 1203 392 1264 Mihi
414 1203 532 1280 qudem
555 1206 627 1265 satis
654 1211 817 1282 spectatum
844 1212 888 1266 eut
906 1202 1104 1283 Pompeium„

111 1295 209 1348 tantae
236 1285 349 1364 &ioniae
371 1285 601 1355 eduleseentem,
640 1287 725 1348 malie
747 1289 911 1368 prircipum
931 1287 1094 1350 volentibus

112 1370 195 1431 vebis
215 1387 295 1439 esse,
319 1387 407 1447 quam
429 1367 484 1428 iliis
506 1369 709 1431 dominationis
727 1372 857 1440 2221212,
885 1378 1094 1451 tumoremque

113 1456 144 1515 in
161 1455 264 1532 primis
281 1453 349 1515 ‘iere
367 1451 544 1513 tribunieiae
563 1456 718 1530 »potestatis
737 1457 944 1516 restituendae.
973 1455 1091 1524 teum,
1112 1471 1145 1520 24

81 1553 104 1594 2
114 1537 257 1607 Quirites,
274 1543 358 1599 antea
373 1535 479 1613 singuli
495 1537 572 1598 cives
582 1538 618 1597 ¹in
633 1536 783 1620 pluribus,
800 1556 861 1599 nen
876 1540 908 1599 in
923 1549 983 1600 222
999 1540 1095 1600 222211

113 1620 254 1699 praesidia
274 1620 441 1690 1222212112,
463 1634 562 1700 neque
580 1621 748 1683 mortalium
773 1623 932 1701 22122222
951 1623 1024 1684 nare
1047 1630 1096 1683 aut

63 1720 66 1725 ⁴
114 1708 228 1783 eripere
248 1706 318 1768 12112
336 1722 417 1766 «2222
432 1712 560 1784 peterat.

194 1789 297 1867 itaque
316 1789 475 1850 verberum
493 1789 564 1848 eatis
583 1789 693 1848 dietum
717 1797 775 1849 est:
798 1791 988 1868 nequeenim
1010 1790 1093 1866 igno·
1111 1801 1144 1852 22

113 1875 205 1935 ramtia
225 1890 274 1933 res
294 1872 410 1933 claudit.
452 1870 562 1932 Verum
581 1873 732 1950 eoenpavit
750 1874 853 1933 neseio
873 1886 949 1952 2222
967 1889 1019 1933 222
1035 1882 1095 1931 tm·-
1112 1877 1144 1929 22

80 1956 203 2034 sepedo,
228 1972 285 2035 qua
305 1974 365 2016 nen
388 1955 480 2033 gioria
500 1957 657 2016 movemini
686 1968 783 2034 neque
801 1955 1095 2035 11231112222212222

87 2078 90 2085 -
113 2042 260 2117 praesenti
284 2041 399 2117 ignaria
420 2040 590 2109 nmtavistis,
613 2038 730 2100 abunde
749 2039 914 2101 libertatem
936 2041 1004 2110 2211,
1028 2041 1095 2117 quia

114 2125 201 2202 tergis
218 2123 385 2185 abstinetur
410 2130 438 2184 et
458 2122 518 2184 hue
537 2125 581 2184 ire
602 2122 670 2185 11221
692 2131 780 2202 atque
805 2121 888 2185 illue:
911 2136 1034 2184 munera
1052 2122 1095 2182 di·

113 2208 184 2266 tium
199 2208 394 2269 dominorum.
435 2207 522 2285 Atqui
539 2207 614 2268 haee
632 2208 736 2268 eadem
758 2224 818 2268 nen
835 2215 903 2267 sunt
921 2206 1094 2284 agrestibus,
1114 2220 1145 2269 27

114 2298 158 2350 221
180 2291 342 2351 caeduntur
359 2291 436 2350 inter
455 2292 619 2366 pateream
641 2292 803 2350 inimicitias
829 2290 966 2367 11222222
989 2290 1095 2350 dentur

79 2374 143 2441 sein
167 2375 331 2452 provincias
349 2372 575 2452 magistratibus.
604 2372 646 2432 ita
664 2379 859 2450 2232222221
880 2373 1005 2433 vincitur
1025 2390 1097 2452 pau·

115 2459 168 2518 eis:
189 2456 305 2535 plebes,
329 2458 536 2537 quodcumque
556 2455 674 2525 accidit,
696 2469 751 2533 pre
773 2456 855 2516 vietis
877 2462 920 2516 est
941 2461 970 2516 et
988 2456 1097 2516 indies
1114 2463 1148 2514 22

113 2543 205 2620 magis
221 2543 294 2612 erit,
316 2544 341 2603 si
363 2541 480 2621 quidem
502 2541 614 2600 maiore
631 2556 703 2600 nura
724 2540 951 2600 seminationem
969 2538 1010 2599 illi
1028 2540 1091 2600 reti

113 2627 231 2687 nuerint
252 2643 340 2704 quam
360 2643 409 2686 vos
432 2625 624 2702 repetiveritis
646 2622 820 2684 libertatem.

429 2760 568 2836 Epistula
588 2759 780 2820 Mithridatis.

516 2860 562 2924 (H.
580 2859 618 2910 Ν
635 2857 687 2922 er.)

291 2959 354 3019 Rex
374 2959 555 3020 Mitinidates
576 2960 641 3036 regi
663 2959 764 3020 Armei
783 2958 917 3020 22121212.

198 3041 306 3103 Omnes
333 3044 385 3120 qari
411 3042 550 3104 2222221112
572 3041 663 3103 rebus
684 3045 744 3104 suis
773 3043 810 3104 ad
830 3042 900 3104 belli
926 3043 1095 3102 societatem
1114 3053 1128 3104 1

114 3134 245 3196 orantur,
268 3125 456 3188 considerare
479 3125 608 3196 21212221,
635 3126 759 3188 11222212
785 3134 849 3188 tum
870 3136 973 3204 punem
999 3133 1097 3203 agere,

52 3226 56 3233 ·
79 3229 104 3269 ss
114 3211 181 3271 dein
194 3211 273 3289 qaod
289 3211 438 3289 quaesitui·
458 3211 566 3271 satisne
585 3212 667 3286 pium
684 3218 780 3272 tutum
821 3210 981 3287 gloriosum
1001 3225 1039 3269 an
1053 3209 1097 3269 in·

113 3294 254 3355 deserum
276 3295 321 3354 sit.
346 3293 412 3355 'l'lln'
432 3301 575 3373 perpetue
596 3307 669 3371 paee
688 3294 746 3355 frui
766 3293 849 3363 iicet,
872 3293 990 3371 egregia
1010 3293 1130 3362 121222

113 3379 138 3436 21
158 3377 306 3438 Romanos
328 3378 521 3459 represseris,
543 3377 642 3438 121222
664 3385 717 3438 est.
746 3374 809 3437 Nisi
825 3374 924 3435 hostes
940 3375 1097 3455 opportuni

113 3466 141 3519 et
154 3461 378 3531 scelestissumi,
400 3480 498 3542 neque
512 3469 612 3539 petere
630 3460 753 3522 audeam
766 3460 934 3520 societatem
947 3466 977 3520 et
987 3458 1097 3519 frustra

79 2810 104 2849 su
