2422 3854
121 185 161 244 72
298 205 342 246 on
363 203 467 245 senno
491 200 691 244 rrovnrmno
716 199 742 242 o.
759 192 803 246 54.
825 192 867 246 5⁵.
885 192 928 247 56.

97 351 197 418 odere
216 353 396 430 nequiverat,
412 350 443 409 in
457 347 557 409 alienis
572 345 681 407 bellurn
696 364 811 425 gerere.
846 347 957 410 Tamen
972 366 1008 410 ex
1025 352 1110 430 eopia

127 435 206 516 quod
226 441 380 512 optumum
400 430 553 492 ridebatur
575 429 727 491 consilium
750 432 840 508 cepit:
864 433 1024 493 exercitum
1046 433 1109 512 ple·

126 535 252 597 rumque
274 519 303 579 in
326 517 435 578 eisdem
456 512 528 574 locis
550 514 659 593 operiri
688 513 783 585 iubet,
812 517 874 592 ipse
900 532 966 575 curn
989 515 1111 579 delectis

128 599 272 681 equitibus
292 599 439 662 Metellum
460 598 606 678 sequitur,
632 598 784 659 nocturnis
812 603 841 658 et
864 599 934 659 aviis
955 599 1111 662 itineribus

85 699 116 751 ιο
127 688 279 762 ignoratus
300 684 448 744 Romanos
475 680 599 760 palantis
624 688 747 760 repente
775 681 953 759 adgreditur.
997 683 1132 750 Eorumr

126 767 260 848 plerique
277 770 405 829 inermes
427 764 550 836 cadunt,
572 764 656 826 multi
678 767 846 844 capiuntur,
869 782 957 827 nemo
978 769 1112 828 omnium

127 854 253 913 intactus
273 851 413 931 profugit,
429 856 458 910 et
478 849 622 910 Numidae
643 850 726 927 prius
747 867 834 928 quam
857 866 892 910 ex
915 851 1018 910 castris
1039 850 1111 911 sub·

128 936 286 1006 veniretur,
309 936 394 996 sicuti
414 934 485 994 iussi
507 939 599 1002 erent,
615 935 645 992 in
663 950 823 1010 proxumos
844 930 925 993 collis
947 933 1110 994 discedunt.

78 1024 115 1084 55
212 1019 331 1080 lnterim
346 1019 457 1080 Rornae
473 1016 612 1094 gaudium
627 1017 731 1094 ingens
750 1023 848 1076 ortum
864 1017 988 1092 cognitis
1002 1016 1110 1078 Metelli

128 1103 233 1172 rebus,
254 1107 287 1163 ut
301 1116 390 1177 seque
407 1107 436 1159 et
451 1099 614 1157 exercitum
628 1114 712 1155 more
728 1097 873 1157 maiorum
888 1107 1015 1176 gereret,
1035 1107 1068 1160 ut
1080 1101 1111 1160 in
1122 1119 1145 1162 n

132 1188 257 1248 advorso
267 1185 333 1244 loco
344 1185 436 1244 victor
445 1189 541 1243 tamen
552 1183 772 1252 virtuteluisset‚
781 1183 908 1244 hostium
920 1200 990 1261 agro
1000 1185 1110 1261 potire·

128 1276 191 1337 tur,
212 1268 384 1344 Iugurtham
407 1265 592 1344 magnificum
615 1284 650 1326 ex
672 1265 737 1326 lun
756 1265 852 1326 blbini
872 1267 1005 1328 socordia
1027 1284 1112 1345 spem

104 1351 229 1416 rsalutis
244 1352 273 1410 in
288 1350 443 1411 solitudine
458 1354 509 1409 aut
524 1347 593 1426 iuga
608 1350 751 1426 coegisset
764 1348 885 1410 habere.
912 1350 1013 1428 lteque
1026 1366 1111 1411 senn-

130 1442 176 1496 tus
187 1434 225 1495 ob
238 1452 272 1494 ea
283 1433 407 1493 feliciter
418 1439 482 1494 acta
493 1431 555 1492 deis
568 1431 772 1493 inmortalibus
782 1431 923 1511 subplicio
938 1434 1109 1502 decernere,

130 1519 230 1579 civitas
252 1517 365 1595 trepida
381 1523 465 1576 antea
483 1521 512 1574 et
528 1514 650 1576 sollicita
664 1516 700 1575 de
716 1514 786 1576 belli
802 1522 905 1576 eventu
921 1516 995 1576 loeta
1011 1531 1146 1592 agerere

130 1603 167 1663 de
186 1599 302 1661 Metello
324 1599 399 1660 lema
421 1597 572 1676 praeclara
594 1616 665 1660 esse.

103 1696 119 1748 e
214 1683 306 1760 Igitur
323 1699 359 1743 eo
370 1682 507 1742 intentior
519 1680 555 1742 ad
570 1683 718 1743 victoriam
735 1682 794 1750 niti,
813 1680 947 1743 omnibus
958 1681 1054 1742 modis
1069 1684 1113 1743 ie·

130 1768 254 1827 stinare:
274 1782 377 1827 cerere
396 1771 508 1834 tamen,
532 1764 638 1826 necubi
647 1765 723 1826 hosti
735 1771 921 1843 opportunus
929 1765 1026 1834 lieret,
1050 1783 1112 1826 mo·

104 1851 249 1911 nminisse
269 1856 337 1925 post
354 1848 477 1927 gloriam
498 1848 634 1909 invidiam
655 1850 747 1927 sequi.
778 1849 820 1909 lta
836 1866 893 1927 qno
914 1848 1019 1909 clarior
1038 1859 1111 1918 erat,

131 1953 165 1996 eo
182 1937 273 2014 magis
286 1930 412 2015 [animo]
424 1934 528 1993 anxius
541 1939 612 2002 eret,
626 1950 722 2011 neque
739 1938 806 2010 post
820 1933 941 1993 insidias
952 1931 1144 2010 lugurthaeao

131 2018 223 2080 elluso
245 2019 377 2078 exercitu
400 2016 552 2094 praedari:
580 2016 631 2077 ubi
660 2017 806 2076 frumento
834 2022 884 2076 aut
905 2014 1012 2093 pabulo
1038 2033 1112 2093 opus

132 2106 210 2169 erat,
240 2100 376 2160 cohortes
402 2117 470 2160 cum
495 2101 580 2180 omni
598 2102 725 2178 equitatu
751 2099 929 2176 praesidium
949 2098 1112 2177 agitabant:

105 2183 279 2247 berercitus
299 2189 414 2261 partem
436 2184 511 2261 ipse,
535 2183 661 2244 relicuos
681 2182 789 2243 Marius
810 2182 944 2245 ducebat.
980 2183 1032 2244 Set
1053 2184 1114 2261 igni

105 2267 223 2345 omogis
246 2284 333 2345 quam
356 2268 465 2344 praeda
487 2283 558 2344 ager
581 2266 757 2327 vastabatur.
807 2265 928 2328 Duobus
950 2266 1021 2327 locis
1042 2264 1114 2326 haut

105 2350 218 2427 ⁷longe
239 2351 315 2410 inter
336 2367 368 2411 se
391 2356 486 2411 castra
507 2349 666 2411 faciebant:
697 2350 747 2411 ubi
773 2351 799 2411 vi
829 2368 903 2428 opus
930 2356 994 2412 erat
1015 2351 1144 2410 cunctim

130 2434 261 2503 aderant,
279 2440 411 2495 ceterum
433 2451 491 2512 quo
515 2434 583 2512 iuga
605 2439 691 2514 atque
714 2433 838 2494 formido
860 2434 944 2495 latius
966 2440 1114 2495 cresceret

106 2517 238 2585 sdirorsi
255 2516 390 2595 agebant.
412 2517 454 2577 Eo
470 2525 603 2595 tempore
616 2517 756 2596 lugurtha
768 2535 822 2595 per
839 2516 920 2577 collis
930 2518 1022 2596 sequi,
1039 2523 1113 2578 tern-

130 2618 186 2678 pus
201 2606 252 2661 aut
265 2599 363 2660 locum
377 2616 493 2677 pugnae
510 2618 667 2678 quaerere,
691 2616 747 2678 qua
763 2606 917 2660 venturum
932 2601 1048 2662 bostem
1062 2618 1114 2662 au·

131 2684 224 2744 dierat
245 2682 386 2761 pabulum
404 2687 434 2742 et
454 2699 597 2760 aquarum
616 2681 712 2751 fontis,
736 2700 863 2761 quorum
881 2686 1021 2762 paenuria
1040 2690 1112 2753 erat,

131 2783 337 2843 conrumpere,
357 2765 445 2825 modo
466 2781 498 2826 se
516 2764 641 2835 Metello,
661 2765 809 2826 interdum
830 2766 922 2827 llario
948 2767 1145 2836 ostenderem

130 2846 297 2928 postrenios
315 2849 345 2907 in
360 2849 476 2926 agmine
495 2854 639 2924 temptare
659 2864 694 2908 ac
716 2849 812 2908 stetim
833 2850 863 2909 in
881 2849 963 2910 collis
983 2851 1112 2926 regredi,

130 2948 235 2992 rursus
247 2931 309 2992 aliis
333 2937 400 3012 post
413 2931 475 2991 aliis
490 2931 625 3000 minitari,
641 2947 737 3010 neque
747 2933 893 3010 proelium
908 2933 1004 2993 lacere
1016 2947 1115 3010 neque

131 3017 221 3076 otium
243 3016 317 3094 pati,
340 3021 453 3076 tantum
475 3015 562 3074 rnodo
582 3015 698 3074 hostem
721 3015 758 3076 ab
779 3017 895 3094 incepto
915 3015 1052 3076 retinere.

81 3101 119 3161 56
215 3099 366 3161 Romanus
379 3102 539 3178 Imperator
552 3096 603 3158 ubi
624 3114 657 3159 se
682 3097 756 3160 dolis
788 3100 900 3178 fatigari
919 3097 996 3158 videt
1015 3115 1114 3177 neque

130 3183 166 3244 ab
190 3183 275 3245 boote
297 3183 412 3261 copiam
431 3182 581 3259 pugnandi
600 3181 680 3253 deri,
699 3181 806 3243 urbem
827 3197 962 3259 magnam
977 3188 1007 3242 et
1027 3183 1057 3243 in
1078 3201 1146 3245 eaor

131 3274 228 3346 parte,
246 3285 302 3346 qua
319 3266 372 3328 sita
388 3271 464 3335 erat,
488 3282 586 3327 arcem
603 3267 707 3343 regni,
728 3267 846 3326 nomine
860 3265 991 3335 Zamam,
1014 3269 1115 3327 statuit

132 3350 318 3429 obpugnare,
342 3356 436 3420 ratus,
458 3349 488 3410 id
502 3338 581 3427 ¹quod
603 3350 751 3427 negotium
773 3346 921 3425 poscebat,
941 3347 1112 3426 Iugurtham

131 3431 331 3496 laborantibus
351 3434 410 3495 suis
429 3432 535 3495 auxilio
558 3440 726 3504 venturum,
747 3431 845 3512 ibique
867 3430 1011 3511 proelium
1037 3432 1111 3495 iore
