2422 3854
126 185 167 244 70
331 203 376 244 na
392 202 496 262 annno
516 200 718 244 rvevnrnnro
739 200 768 242 o.
792 193 836 246 52·
852 192 897 246 oe.

76 345 285 428 etpugnando
309 350 446 409 retinere.
490 349 534 409 Eo
558 350 646 410 modo
672 351 748 410 inter
774 365 806 409 se
828 348 886 408 duo
902 347 1107 425 imperatores.

127 433 233 494 summi
244 434 306 502 viri,
320 431 479 502 certabant,
495 435 550 511 ipsi
560 450 655 511 pares,
671 439 804 493 ceterum
815 430 920 510 opibus
930 429 1105 508 disparibus.

103 517 204 577 aNam
219 514 334 576 Metello
352 516 444 575 rirhrs
454 516 578 576 ordinm
593 523 669 584 erat,
685 515 767 577 loeus
782 515 931 584 advorsus,
945 513 1110 592 iugruthae

101 600 182 660 talia
204 599 301 658 omnia
317 606 434 676 praeter
446 599 554 659 milites
563 608 743 678 opportuna.
757 597 890 676 Denique
903 598 1036 666 honneni,
1055 596 1110 662 ubl

127 674 299 758 intellegunt
311 681 474 761 nequesihi
484 682 650 760 perlugirmr
660 699 725 760 esse
735 700 832 760 neque
847 681 884 742 ab
893 682 978 742 hoste
992 682 1128 760 eopiame

126 765 276 844 pugnandi
291 765 360 826 deri
379 799 413 811 —-
432 772 462 826 et
481 767 538 825 iam
554 766 600 826 die
614 783 719 843 vesper
738 772 800 826 erat
817 799 863 834 -,
878 764 1004 826 advorso
1022 763 1107 837 colle,

101 850 213 909 esiouti
234 856 424 926 praeseptum
445 849 550 918 fuerat,
575 849 708 909 evadunt.
751 848 865 909 Amisso
882 848 948 908 loeo
965 847 1108 910 Numidae

128 932 186 993 lusi
202 932 366 1011 fugatique:
382 934 469 1010 pauci
489 933 636 1002 interiere,
651 932 810 1010 plerosque
826 931 965 992 velocitas
980 940 1009 991 et
1025 930 1108 1006 regio

127 1014 261 1076 hostibus
278 1017 381 1093 ignara
396 1021 488 1075 tutata
509 1022 585 1075 sunt.

101 1110 120 1159 o
212 1099 327 1160 Interea
347 1097 508 1167 Bomilcar,
532 1116 619 1176 quem
640 1097 799 1176 elephantis
821 1108 850 1158 et
866 1099 943 1174 parti
957 1100 1109 1175 copiarum
1117 1121 1142 1163 ro

128 1182 310 1259 pedestrium
325 1181 506 1259 praelectum
517 1179 554 1242 ab
568 1181 710 1258 Iugurtha
723 1198 813 1258 supra
828 1181 962 1250 diximus
974 1181 1025 1242 ubi
1038 1200 1109 1242 eum

129 1264 255 1325 Rutilius
269 1272 506 1344 praetergressus
520 1273 572 1335 est,
594 1265 734 1343 paulatim
752 1281 822 1326 snos
843 1267 873 1325 in
892 1281 995 1326 aecum
1008 1264 1109 1326 looum

130 1348 249 1410 deduoit
268 1367 318 1419 ae,
343 1349 413 1409 dnm
433 1348 547 1427 legatus
571 1349 609 1410 ad
628 1348 739 1410 flumen
762 1367 820 1427 quo
840 1351 1019 1428 praemissus
1044 1359 1109 1409 erat

130 1431 270 1493 testinans
282 1433 394 1510 pergit,
417 1433 541 1511 quietus,
561 1434 604 1494 uti
617 1449 667 1493 res
681 1431 856 1510 postulabat,
875 1434 969 1492 aeiem
985 1442 1110 1492 exornat

104 1522 226 1594 tneque
247 1517 368 1576 remittit
385 1515 455 1594 quid
471 1514 579 1594 ubique
599 1516 691 1576 hostis
707 1524 808 1594 ageret
827 1515 991 1592 explorare.
1024 1516 1139 1578 Post-n

131 1617 218 1677 qnam
245 1599 385 1660 Rutilium
415 1599 583 1658 consedisse
604 1600 713 1659 iamet
736 1601 832 1659 animo
846 1615 973 1659 ‘vacuom
995 1601 1110 1676 aoeepit

129 1681 274 1759 simulque
292 1701 328 1742 ex
347 1681 505 1758 Iugurthae
517 1681 630 1760 proelio
644 1682 803 1744 clamorem
818 1681 928 1758 augeri,
943 1682 1053 1741 veritus
1070 1700 1110 1742 ne

129 1763 243 1840 legatus
264 1767 378 1843 cognita
405 1783 439 1826 re
457 1763 659 1826 laborantibus
679 1767 742 1828 aris
762 1765 868 1826 auxilio
890 1763 982 1834 toret,
1005 1764 1108 1834 aciem,

129 1866 218 1926 quam
235 1847 369 1909 diffidens
390 1850 489 1909 virtuti
509 1847 635 1910 militnm
651 1857 716 1910 arte
728 1855 884 1918 statuerat,
906 1866 965 1927 quo
980 1847 1110 1909 hostiurn

129 1932 226 1991 itineri
239 1931 380 1994 obiiceret
392 1931 479 1993 latius
496 1935 621 2011 porrigit
642 1950 737 2011 eoque
749 1933 837 1992 modo
852 1933 889 1992 ad
907 1929 996 1992 Rutili
1014 1939 1141 1993 eastraao

79 2009 272 2092 bdproeedit.
302 2015 426 2076 Romani
448 2034 483 2076 ex
504 2017 650 2094 inproviso
666 2013 794 2095 pulveris
816 2016 875 2075 vim
888 2030 1026 2091 magnam
1047 2017 1109 2076 ani·

131 2098 331 2158 madvortunt:
353 2117 423 2158 nam
441 2107 630 2178 prospectum
650 2116 721 2177 ager
741 2097 870 2160 arbustis
891 2099 1019 2159 mentm
1039 2115 1109 2176 pro-

131 2180 259 2241 hibebat.
299 2181 336 2241 Et
355 2184 452 2259 pr'mo
474 2184 530 2243 rati
551 2184 673 2245 humum
687 2183 799 2244 aridam
813 2187 898 2243 vento
916 2183 1028 2258 agitari,
1043 2190 1110 2261 post

130 2263 183 2324 uhi
193 2263 375 2342 aequabilem
389 2283 509 2326 manere
519 2271 556 2335 et,
568 2268 652 2328 aienti
663 2268 740 2328 acies
749 2265 931 2335 merebatur,
943 2266 1037 2343 magis
1047 2282 1109 2326 ma·

131 2348 234 2425 gisque
248 2348 484 2428 adpropinquare
496 2350 602 2419 videm,
622 2352 738 2427 cognita
758 2368 792 2411 re
812 2357 1006 2430 properantes
1028 2365 1142 2411 armas

102 2432 249 2509 ²oapiunt
259 2451 294 2493 ae
304 2450 360 2511 pro
371 2434 482 2504 eastris,
496 2435 581 2494 sicuti
587 2436 797 2516 imperabatur,
803 2437 973 2495 consistunt.
988 2432 1108 2501 heinde,

129 2513 181 2575 ubi
195 2518 318 2594 propius
329 2525 448 2580 rentum
464 2525 515 2588 est,
531 2518 679 2596 utrimque
690 2534 796 2596 magno
812 2517 940 2578 elamore
957 2518 1120 2577 ooneurri·'

104 2605 188 2658 surr.
232 2599 375 2661 Numidae
395 2608 509 2662 tantum
528 2601 616 2661 modo
634 2601 879 2669 remorati„dum
895 2603 926 2660 in
948 2599 1110 2677 elephantis

129 2681 269 2742 auxilium
291 2691 407 2761 putant,
435 2691 590 2762 postquam
611 2701 661 2744 eos
682 2683 827 2761 inpeditos
850 2684 938 2744 ramis
968 2683 1110 2744 arborum

130 2772 218 2844 atque
240 2767 280 2825 ita
301 2767 436 2828 disiemos
457 2768 661 2829 eireunrveniri
681 2766 789 2836 rident,
813 2765 912 2844 sugam
933 2768 1052 2835 taeinnt,
1076 2784 1144 2827 aero

129 2847 263 2926 plerique
277 2849 397 2910 abiectis
415 2853 504 2911 armis
520 2850 603 2911 oohh
616 2857 667 2909 aut
687 2850 799 2919 noetis,
822 2867 897 2928 qnae
917 2851 975 2924 iam
997 2851 1109 2918 aderet,

102 2931 237 2992 amulio
258 2933 365 3010 integri
383 2933 500 2995 abeunt.
550 2933 704 3010 Elephanti
731 2940 870 3012 quattuor
894 2934 984 3009 eapti,
1006 2931 1111 2991 relioni

130 3025 248 3085 mnes,
270 3034 394 3077 numero
416 3018 616 3097 quadraginta,
636 3016 792 3077 interlecti.

103 3110 120 3159 o
214 3101 251 3161 et
270 3098 397 3161 nomme
412 3117 589 3180 quamquam
607 3101 712 3160 itinero
732 3107 825 3180 atqie·
839 3115 928 3177 opere
945 3103 1110 3158 oasuorum

130 3184 283 3261 etproeho
300 3184 368 3244 fessi
388 3183 513 3263 laetique
527 3186 650 3244 viatoria
664 3190 764 3253 erant,
784 3193 896 3249 nmen,
913 3180 991 3257 quod
1009 3180 1144 3245 Metel-ss

130 3267 182 3328 lus
199 3267 323 3344 amphus
353 3267 491 3344 opinione
513 3266 698 3337 morabatur,
721 3268 858 3327 instruoti
874 3264 1036 3341 intentique
1057 3264 1110 3324 ob·

103 3352 206 3410 oviam
222 3351 404 3426 procedunt:
424 3368 496 3410 nam
511 3349 594 3411 dolus
615 3350 808 3412 Numidam
821 3346 893 3408 nihil
914 3346 1046 3424 languidi
1059 3362 1110 3409 ne·

105 3443 191 3512 tque
207 3435 320 3495 remissi
336 3434 510 3512 patiebatur.
538 3429 579 3494 Ab
594 3438 690 3513 primo
705 3433 831 3494 obserua
843 3437 940 3503 noete,
955 3439 1112 3512 postquam
