2422 3854
333 232 376 285 on
398 231 501 273 nanno
525 230 725 274 rvavnrnmo
750 230 777 274 o.
801 221 842 276 rt.
1033 213 1074 274 to

183 378 280 440 Ceteri
293 395 379 456 reges
390 384 439 440 ant
455 356 533 440 helio
547 379 614 439 victi
627 379 657 438 in
672 379 827 440 amicitiam
842 397 859 439 a
872 377 954 440 vohis
966 379 1104 457 receptio

102 468 171 524 sunt
185 469 236 523 aut
256 464 286 523 in
303 464 363 524 suis
382 462 477 523 dubiis
496 461 586 524 rebus
601 461 769 523 societatem
789 468 917 524 vostram
933 463 1077 540 adpetive-

101 552 188 616 runt,
212 545 319 607 familia
335 552 435 607 nostra
458 563 525 607 cnm
545 544 654 624 populo
676 544 808 606 Romano
829 545 906 607 bello
928 545 1078 623 Carthagi-

101 630 195 689 niensi
220 628 403 711 [amicitiam]
425 631 560 698 instituit,
584 646 642 707 quo
663 635 797 707 tempore
817 630 996 706 magisiides
1017 628 1079 690 eius

77 731 188 791 squam
203 712 320 774 fortuna
330 713 460 792 petunda
475 718 546 774 erat.
576 710 708 780 Quorum
722 713 893 790 progeniem
903 731 964 782 ros,
981 719 1106 792 patrest

101 796 266 876 conscripti,
275 795 366 858 nolite
376 798 436 876 pati
447 815 503 866 rue,
517 801 655 873 nepotem
665 795 841 864 Masinissae,
851 795 960 857 irusha
972 814 988 856 a
998 795 1081 857 vohis

99 879 236 941 auxilinm
250 887 360 957 petere.

183 963 214 1023 Si
230 963 266 1024 ad
280 963 488 1042 inpetrandum
508 961 581 1022 nihil
605 980 713 1024 causae
739 961 881 1023 haberem
894 969 1012 1042 praeter
1026 964 1105 1024 mit

99 1045 253 1107 serandam
265 1045 422 1117 fortunam,
438 1047 517 1126 quod
531 1044 619 1124 paulo
634 1052 701 1107 ante
714 1063 767 1107 rex
781 1062 891 1124 genere
902 1046 980 1107 tama
995 1052 1082 1124 atque

65 1129 190 1207 „copiis
205 1137 324 1207 potens,
355 1149 435 1192 nunc
460 1131 641 1192 deformatus
669 1130 832 1200 aerumnis,
860 1131 946 1208 inops
973 1128 1082 1190 alienas

100 1230 170 1291 opes
192 1221 322 1293 expecto,
338 1222 436 1277 tamen
459 1222 522 1275 erat
536 1214 694 1275 maiestatis
714 1213 816 1291 populi
836 1213 961 1274 Romani
982 1211 1082 1291 prohi-

100 1294 171 1357 bere
185 1297 320 1357 iniuriam
329 1315 431 1375 ‘neque
446 1300 506 1376 pati
522 1298 693 1374 cuiusquam
702 1312 829 1372 regnum
840 1314 894 1375 per
908 1297 1004 1358 scelus
1018 1314 1082 1357 cre-

99 1396 193 1438 scere.
223 1379 333 1438 Verum
348 1396 402 1456 ego
425 1380 466 1438 eis
482 1378 589 1438 tinibus
605 1381 716 1439 eiectus
731 1396 812 1449 snm,
836 1395 909 1456 quos
922 1378 1110 1446 maioribusa

100 1462 174 1521 meis
187 1460 314 1539 populus
331 1461 480 1522 Romanus
495 1461 583 1530 dedit,
600 1461 680 1522 unde
700 1467 784 1538 pater
801 1468 830 1522 et
843 1479 912 1523 avos
926 1479 1010 1522 mens
1025 1480 1082 1522 una

65 1573 90 1613 η
101 1544 252 1605 vobiscum
268 1544 407 1623 expulere
421 1544 557 1606 Sufacem
579 1550 608 1604 et
623 1544 877 1621 Carthaginiensis.
910 1545 1013 1605 Vostra
1031 1545 1082 1605 be·

100 1628 196 1688 niticia
211 1627 283 1688 mihi
298 1635 398 1707 erepta
413 1634 489 1698 sunt,
505 1634 605 1706 patres
619 1629 840 1706 consumptivos
854 1629 885 1688 in
899 1646 964 1689 mea
978 1629 1083 1689 iniuria
1183 1632 1186 1638 ’

101 1711 152 1772 des
173 1713 229 1772 ecti
240 1712 317 1773 estis.

152 1728 270 1854 Ρ111161
292 1813 340 1855 me
362 1795 515 1854 miserum!
555 1793 677 1864 hucine,
699 1793 818 1871 Micrpsa
834 1801 927 1872 pater,
949 1793 1109 1858 benificiatt

101 1883 152 1936 tua
168 1894 303 1947 evasere,
321 1883 354 1938 ut
368 1895 456 1955 quem
472 1883 505 1937 tu
521 1894 623 1955 parem
639 1894 706 1936 curn
720 1875 822 1937 liberis
837 1875 923 1956 [tuis]
941 1880 1083 1954 regnique

66 1993 93 2033 20
101 1961 275 2039 participem
290 1960 397 2030 iecisti,
421 1961 446 2020 is
464 1961 659 2038 potissumum
673 1960 772 2036 stirpis
785 1965 854 2019 tuac
870 1961 1013 2020 extinctor
1030 1961 1083 2019 snt

100 2043 268 2123 Numquam
283 2060 355 2121 ergo
368 2042 476 2104 familia
491 2051 591 2104 nostra
603 2044 700 2122 quieta
715 2041 787 2103 eritt
802 2058 959 2120 semperne
972 2043 1002 2102 in
1017 2059 1083 2102 san-

101 2128 189 2204 guine
206 2127 287 2188 ierro
305 2128 374 2204 iuga
394 2127 578 2188 vorsahitnri
613 2126 690 2187 Dum
705 2125 957 2202 Carthaginienses
971 2125 1126 2190 incolo-10

101 2210 273 2280 messuere,
297 2213 361 2272 iure
377 2212 474 2270 omnia
489 2228 574 2271 saeva
594 2209 794 2289 patiebamur:
817 2209 917 2270 hostes
931 2209 967 2270 ah
983 2209 1084 2279 latere,

101 2310 153 2353 vos
177 2295 263 2353 amici
277 2292 395 2370 procul,
417 2309 485 2368 spes
503 2294 597 2352 omnis
612 2295 642 2352 in
657 2293 746 2351 armis
760 2298 831 2353 erat.
864 2291 1023 2369 Postquam
1038 2292 1086 2352 ilia

67 2378 191 2453 „pestis
210 2395 246 2436 ex
259 2375 358 2436 Africa
377 2376 469 2434 eiecta
484 2381 536 2443 est,
555 2373 623 2434 laeti
637 2370 742 2450 pace'm
760 2373 955 2449 agitabamus,
978 2375 1086 2452 quippe

103 2460 168 2537 quis
182 2458 274 2519 hostis
289 2457 387 2519 nultus
402 2463 473 2526 erat,
488 2457 545 2516 nisi
557 2456 634 2516 forte
650 2473 739 2533 quem
752 2473 804 2514 vos
819 2457 982 2516 iussissetis.
1008 2456 1085 2518 Ecce
1095 2469 1126 2519 11

103 2549 201 2603 antem
223 2541 424 2622 exinproviso
441 2539 593 2616 Iugurtha,
616 2537 799 2599 intoleranda
821 2539 950 2608 audacia,
974 2538 1086 2601 scelere

102 2633 189 2705 atque
203 2622 342 2703 superbia
357 2641 421 2685 sese
441 2623 591 2693 ecferens,
609 2623 702 2683 fratre
713 2639 780 2683 meo
795 2628 882 2700 atque
897 2623 1002 2683 eodem
1016 2641 1085 2701 pro-

103 2709 214 2786 pinquo
224 2727 278 2773 suo
291 2708 445 2770 interiecto
459 2708 588 2786 primum
602 2723 728 2782 regnum
743 2708 806 2777 eius
815 2705 934 2766 sceleris
945 2707 991 2768 sui
999 2725 1085 2786 prae·

69 2791 172 2852 codam
187 2790 264 2859 iecit,
286 2799 353 2867 post
371 2790 423 2852 uhi
437 2809 485 2852 me
505 2791 616 2862 ,eisdem
636 2788 710 2850 dolis
730 2806 790 2849 non
806 2789 868 2868 quit
883 2807 998 2869 capere,
1014 2791 1087 2852 nihil

102 2874 200 2934 minus
215 2890 303 2952 quam
315 2875 374 2932 vim
388 2882 438 2935 aut
451 2873 562 2935 bellum
583 2878 785 2953 expectantem
804 2874 834 2933 in
844 2875 968 2954 imperio
976 2881 1083 2945 vostro,

103 2959 179 3018 sicut
192 2956 309 3026 videtis,
333 2963 480 3019 extorrem
501 2959 595 3036 patria
617 2958 720 3026 domo,
742 2958 860 3034 inopem
882 2964 911 3018 et
933 2965 1085 3036 copertum

103 3041 228 3101 miseriis
247 3040 355 3110 6116611,
378 3046 412 3100 ut
426 3038 520 3101 ubivis
534 3042 625 3102 tutius
639 3058 728 3120 quarn
743 3042 774 3100 in
787 3060 854 3102 meo
876 3060 968 3119 regno
981 3059 1084 3101 essem.

104 3123 167 3198 Ego
189 3125 232 3184 sic
254 3123 480 3193 existumaham,
497 3129 596 3200 patres
618 3123 784 3202 conscripti,
804 3126 847 3185 uti
868 3125 1128 3202 praedicantemra

73 3207 274 3267 omndiveram
288 3214 402 3285 patrem
416 3225 531 3268 meum:
555 3209 605 3285 qni
620 3215 748 3269 vostram
763 3209 919 3267 amicitiam
933 3205 1087 3281 diiigenter

106 3287 251 3360 colerent,
275 3309 325 3352 eos
339 3292 463 3354 muitum
472 3290 604 3353 laborem
618 3293 779 3370 suscipere,
785 3298 916 3351 ceterum
938 3308 974 3350 ex
990 3293 1082 3352 omni·

105 3369 161 3432 hus
179 3392 314 3437 maxume
334 3384 411 3438 tutos
426 3393 498 3438 esse.
532 3373 662 3443 Quodn
677 3375 784 3436 iamiiia
798 3380 898 3434 nostra
913 3372 976 3446 init,
999 3389 1128 3453 prae-13
