2422 3854
18 184 23 193 ’
86 210 88 216 ’
154 197 195 261 68
362 218 405 259 ou
427 215 528 258 cauno
550 215 749 260 rvovsrmuo
772 215 801 261 o.
824 207 868 262 te.
889 207 932 262 to.

104 365 145 427 49
241 366 332 443 Igitur
347 366 377 424 in
400 381 433 423 eo
450 361 538 431 colle,
555 381 642 441 quem
657 372 826 425 transvorso
845 367 949 425 itinere
963 371 1137 444 porrectum

155 450 321 516 docuimus,
346 445 487 523 Iugurtha
502 451 658 506 extenuata
674 446 824 528 [suorum]
843 449 904 508 acie
919 448 1059 517 consedit,
1076 447 1136 510 ele·

153 534 270 611 phantis
285 538 315 591 et
330 532 407 610 parti
422 531 572 606 copiarum
587 530 768 606 pedestrium
782 530 976 592 Bomilcarem
991 530 1136 610 praefecit

155 633 281 693 eumque
296 614 399 674 edocet
412 629 485 692 quae
498 619 607 688 ageret,
625 615 686 690 ipse
701 616 822 692 propior
834 621 964 675 montem
976 631 1043 675 cum
1056 618 1136 677 omni

128 701 285 777 aequitatu
305 704 335 758 et
348 695 493 774 peditibus
510 696 628 757 delectis
649 697 876 759 suoscmlocat.
910 699 983 758 llein
1005 698 1158 775 singulase

154 790 266 843 turmas
294 787 323 842 et
344 779 508 858 manipulos
531 781 706 841 circumiens
731 787 831 842 monet
851 788 938 861 atque
961 781 1133 851 obtestatur,

154 868 197 926 uti
217 882 364 926 memores
385 865 524 943 pristinae
543 865 655 924 virtartis
677 871 706 924 et
718 866 855 925 victoriae
870 882 934 926 sese
950 881 1136 946 regnumque

155 967 241 1010 suum
256 949 292 1008 ab
308 948 508 1009 Romanorum
523 947 640 1008 avaritia
659 947 828 1008 defendant:
845 965 912 1008 carm
928 950 970 1009 eis
985 956 1134 1011 certamen

154 1033 232 1101 fore,
259 1049 333 1111 quos
360 1038 445 1092 antea
471 1031 561 1090 victos
583 1029 637 1090 sub
662 1032 763 1106 iugum
783 1033 930 1092 miserint:
954 1033 1059 1093 ducem
1077 1031 1134 1093 iilis

154 1135 215 1177 non
237 1116 366 1175 animum
379 1119 537 1174 mutatum:
562 1131 637 1192 qnae
652 1113 689 1172 ab
702 1114 881 1190 imperatore
890 1116 1050 1183 decuerint,
1069 1133 1132 1176 om·
1143 1138 1166 1179 rc

155 1202 203 1259 nia
219 1200 278 1258 suis
292 1198 422 1274 provisa,
439 1195 537 1256 locum
551 1197 749 1274 superiorem,
770 1204 804 1258 ut
824 1199 983 1277 prudentes
1007 1216 1074 1260 cum
1089 1200 1135 1259 in·
1159 1263 1163 1267 ,

155 1282 272 1358 peritis,
300 1299 338 1340 ne
363 1280 518 1357 pauciores
542 1297 608 1339 oum
629 1278 763 1356 pluribus
784 1288 835 1341 aut
855 1283 945 1343 rudes
968 1300 1035 1343 cum
1063 1281 1136 1342 belli

129 1364 325 1432 amelioribus
346 1380 466 1424 manum
488 1370 692 1424 consererent:
715 1364 839 1442 proinde
858 1368 952 1444 parati
973 1368 1135 1444 intentique

156 1455 254 1510 essent
267 1450 351 1526 signo
369 1448 435 1508 dato
449 1446 598 1506 Romanos
612 1447 763 1508 invadere:
783 1447 864 1510 illum
879 1450 956 1509 diem
975 1455 1025 1510 aut
1041 1451 1136 1510 omnis

154 1532 271 1592 labores
286 1540 315 1592 et
329 1532 464 1592 victorias
480 1529 720 1591 conflrmaturum
736 1537 786 1591 aut
799 1550 1002 1592 maxumarum
1017 1549 1135 1593 aerum·
1145 1554 1169 1594 u

128 1627 260 1675 enarum
275 1616 387 1674 initium
407 1614 486 1673 iore:
507 1613 544 1671 ad
564 1611 622 1672 boc
635 1611 756 1682 urium,
778 1617 821 1674 uti
839 1633 984 1694 quemque
1006 1614 1044 1675 ob
1059 1615 1135 1676 mili-

155 1705 218 1758 tare
241 1698 353 1757 lacinus
374 1697 499 1774 pecunia
521 1702 571 1755 aut
587 1695 700 1758 bonore
718 1696 868 1767 extulerat,
891 1699 1137 1761 conmonefacere

156 1780 271 1842 beniboi
289 1781 333 1841 sui
349 1788 377 1840 et
394 1796 461 1840 eum
477 1780 572 1856 ipsum
590 1779 652 1839 aliis
672 1787 833 1842 ostentare:
848 1787 997 1860 postremo
1012 1798 1068 1859 pro
1084 1799 1135 1842 cu·

157 1866 260 1942 iusque
283 1865 399 1942 ingenio
421 1862 586 1941 pollicendo
605 1864 765 1924 minitando
782 1864 954 1925 obtesmndo
969 1864 1058 1925 alium
1079 1864 1135 1925 alio

130 1948 242 2015 amodo
275 1949 419 2015 excitare,
448 1964 516 2007 oum
543 1947 659 2007 interim
682 1946 829 2016 Metellus,
858 1949 978 2025 ignarus
1007 1948 1168 2010 bostiumso

153 2038 254 2092 monte
268 2031 441 2108 degrediens
456 2048 524 2090 oum
543 2031 672 2090 exercitu
702 2031 902 2108 conspicatur,
920 2032 1016 2110 primo
1030 2030 1136 2093 dubius

155 2115 294 2192 quidnam
318 2113 431 2174 insolita
452 2113 542 2173 facies
564 2112 731 2173 ostenderet
760 2147 795 2158 -
819 2131 888 2174 nam
914 2116 990 2174 inter
1012 2113 1136 2192 uirgtrlta

156 2198 223 2276 equi
241 2196 441 2275 Numidaeque
465 2197 674 2264 consederant,
696 2213 793 2275 neque
813 2197 899 2275 piane
923 2198 1060 2258 occultati
1079 2197 1135 2259 bu-

154 2280 274 2341 militate
291 2279 440 2349 arborum,
455 2287 484 2341 et
500 2288 598 2341 tamen
612 2280 716 2340 incerti
733 2281 872 2359 quidnam
888 2288 977 2348 esset,
1001 2299 1068 2342 cum
1082 2298 1135 2342 na·

153 2371 220 2425 tura
239 2364 295 2424 loci
311 2371 374 2424 tum
392 2364 459 2424 dolo
481 2366 534 2442 ipsi
550 2371 636 2443 atque
656 2365 739 2441 signa
758 2365 893 2425 militaria
914 2364 1062 2426 obscurati
1087 2381 1168 2432 -‚u

129 2449 223 2509 odein
244 2447 327 2508 brevi
345 2449 467 2524 cognitis
485 2448 595 2507 insidiis
615 2447 764 2527 paulisper
779 2465 884 2527 agmen
904 2449 1059 2509 constituit.
1091 2447 1135 2508 lbi

155 2533 328 2594 conmutatis
341 2530 491 2590 ordinibus
503 2531 845 2610 indexterolatere,quod
857 2550 1034 2609 proxumum
1044 2532 1135 2592 hostis

155 2622 232 2686 erat,
253 2613 416 2692 triplicibus
437 2612 572 2673 subsidiis
593 2616 685 2675 aciem
707 2615 855 2684 instruxit,
878 2615 954 2675 inter
971 2614 1135 2693 manipulos

154 2699 317 2759 funditores
336 2702 365 2757 et
378 2697 541 2775 sagittarios
560 2695 701 2775 dispertit,
719 2698 877 2775 equitatum
893 2715 1009 2759 omnem
1023 2700 1053 2759 in
1069 2717 1134 2759 cor·

155 2780 241 2841 nibus
254 2780 341 2848 locat,
362 2797 397 2838 ac
410 2797 505 2858 pauca
525 2796 580 2858 pro
601 2788 733 2855 tempore
754 2779 860 2840 milites
880 2780 1014 2842 hortatus
1031 2784 1171 2851 aciem‚oo

155 2865 238 2923 sicuti
256 2865 443 2939 instruxerat,
454 2863 627 2923 transvorsis
648 2862 797 2940 principiis
819 2865 849 2923 in
868 2864 988 2941 planum
1008 2864 1134 2925 deducit.

105 2948 145 3009 bl)
156 2946 206 3007 Set
219 2945 271 3006 ubi
284 2944 424 3006 Numidas
443 2947 556 3026 quietos
571 2963 667 3023 neque
687 2943 759 3005 colle
782 2945 902 3025 degredi
921 2945 1134 3017 animadvortit,

155 3031 265 3092 veritus
286 3046 321 3089 ex
337 3030 405 3089 anni
418 3036 550 3107 tempore
573 3034 601 3088 et
621 3029 719 3107 inopia
733 3047 838 3108 aquae,
859 3048 897 3090 ue
911 3030 957 3089 siti
974 3029 1134 3092 conticere·

155 3121 204 3176 tur
220 3114 379 3182 exercitus,
402 3115 436 3174 P.
455 3110 595 3171 Rutilium
614 3110 741 3190 legatum
765 3131 832 3174 cum
849 3111 988 3191 expeditis
1007 3113 1135 3175 cohorti·

155 3197 213 3259 bus
229 3204 257 3259 et
269 3203 352 3276 parte
367 3196 498 3275 equitum
514 3196 663 3271 praemisit
678 3196 715 3256 ad
728 3195 847 3266 flumen,
863 3197 906 3256 nti
919 3193 1018 3258 locum
1033 3200 1170 3259 castriso

156 3287 352 3359 antecaperet,
376 3279 553 3340 existumans
570 3278 662 3339 bostis
679 3279 785 3341 crebro
800 3280 901 3358 inpetu
915 3286 944 3341 et
959 3283 1134 3343 transvorsis

156 3364 274 3442 proeliis
297 3366 352 3424 iter
372 3378 456 3424 suum
478 3369 680 3424 remoraturos
702 3371 730 3425 et
751 3363 888 3443 quoniam
913 3365 1002 3426 umis
1020 3363 1134 3427 diffide·

130 3453 233 3516 arent,
248 3445 447 3508 lassitudinem
462 3451 491 3507 et
504 3446 579 3506 sitiur
594 3446 717 3510 militum
726 3453 928 3526 temptaturos.
946 3447 1057 3510 Deinde
1071 3449 1135 3528 ipse
