<?xml version="1.0" encoding="UTF-8"?>
<!DOCTYPE html PUBLIC "-//W3C//DTD XHTML 1.0 Transitional//EN"
    "http://www.w3.org/TR/xhtml1/DTD/xhtml1-transitional.dtd">
<html xmlns="http://www.w3.org/1999/xhtml" xml:lang="en" lang="en">
 <head>
  <title>
</title>
<meta http-equiv="Content-Type" content="text/html;charset=utf-8" />
  <meta name='ocr-system' content='tesseract 3.04.00' />
  <meta name='ocr-capabilities' content='ocr_page ocr_carea ocr_par ocr_line ocrx_word'/>
</head>
<body>
  <div class='ocr_page' id='page_1' title='image "./libridecatilina02sallgoog_0128.png"; bbox 0 0 2422 3854; ppageno 0'>
   <div class='ocr_carea' id='block_1_1' title="bbox 343 209 1068 272">
    <p class='ocr_par' dir='ltr' id='par_1_1' title="bbox 343 209 1068 272">
     <span class='ocr_line' id='line_1_1' title="bbox 343 209 1068 272; baseline 0.007 -6"><span class='ocrx_word' id='word_1_1' title='bbox 343 226 385 267; x_wconf 82' lang='lat' dir='ltr'><strong>nx</strong></span> <span class='ocrx_word' id='word_1_2' title='bbox 406 222 571 269; x_wconf 76' lang='lat' dir='ltr'><strong>nitrosus</strong></span> <span class='ocrx_word' id='word_1_3' title='bbox 591 221 789 266; x_wconf 79' lang='lat' dir='ltr'><strong>uxonnrrsn.</strong></span> <span class='ocrx_word' id='word_1_4' title='bbox 1008 209 1068 272; x_wconf 82' lang='lat' dir='ltr'><strong>tut</strong></span> 
     </span>
    </p>
   </div>
   <div class='ocr_carea' id='block_1_2' title="bbox 54 370 1123 3114">
    <p class='ocr_par' dir='ltr' id='par_1_2' title="bbox 54 370 1123 3114">
     <span class='ocr_line' id='line_1_2' title="bbox 88 370 1067 456; baseline -0.001 -20"><span class='ocrx_word' id='word_1_5' title='bbox 88 376 329 456; x_wconf 80' lang='lat' dir='ltr'>pravissumeque</span> <span class='ocrx_word' id='word_1_6' title='bbox 351 390 406 451; x_wconf 88' lang='lat' dir='ltr'><strong>per</strong></span> <span class='ocrx_word' id='word_1_7' title='bbox 428 370 547 433; x_wconf 88' lang='lat' dir='ltr'><strong>sceleris</strong></span> <span class='ocrx_word' id='word_1_8' title='bbox 571 372 770 433; x_wconf 73' lang='lat' dir='ltr'><strong>inmanitatem</strong></span> <span class='ocrx_word' id='word_1_9' title='bbox 793 371 890 433; x_wconf 86' lang='lat' dir='ltr'><strong>adhuc</strong></span> <span class='ocrx_word' id='word_1_10' title='bbox 909 379 988 435; x_wconf 91' lang='lat' dir='ltr'><strong>tutus</strong></span> <span class='ocrx_word' id='word_1_11' title='bbox 1004 374 1067 444; x_wconf 81' lang='lat' dir='ltr'><strong>luit,</strong></span> 
     </span>
     <span class='ocr_line' id='line_1_3' title="bbox 89 454 1068 535; baseline -0.003 -15"><span class='ocrx_word' id='word_1_12' title='bbox 89 459 160 520; x_wconf 92' lang='lat' dir='ltr'><strong>dum</strong></span> <span class='ocrx_word' id='word_1_13' title='bbox 180 475 233 519; x_wconf 85' lang='lat' dir='ltr'><strong>vos</strong></span> <span class='ocrx_word' id='word_1_14' title='bbox 252 464 333 518; x_wconf 93' lang='lat' dir='ltr'><strong>metu</strong></span> <span class='ocrx_word' id='word_1_15' title='bbox 351 456 492 534; x_wconf 79' lang='lat' dir='ltr'><strong>grusimis</strong></span> <span class='ocrx_word' id='word_1_16' title='bbox 513 455 647 516; x_wconf 85' lang='lat' dir='ltr'><strong>servitia</strong></span> <span class='ocrx_word' id='word_1_17' title='bbox 671 455 833 535; x_wconf 87' lang='lat' dir='ltr'><strong>repetunda</strong></span> <span class='ocrx_word' id='word_1_18' title='bbox 854 454 988 518; x_wconf 72' lang='lat' dir='ltr'><strong>liheuate</strong></span> <span class='ocrx_word' id='word_1_19' title='bbox 1008 464 1068 519; x_wconf 88' lang='lat' dir='ltr'><strong>ter·</strong></span> 
     </span>
     <span class='ocr_line' id='line_1_4' title="bbox 89 560 205 603; baseline -0.017 0"><span class='ocrx_word' id='word_1_20' title='bbox 89 560 205 603; x_wconf 86' lang='lat' dir='ltr'><strong>remmr.</strong></span> 
     </span>
     <span class='ocr_line' id='line_1_5' title="bbox 173 621 1120 703; baseline -0.005 -16"><span class='ocrx_word' id='word_1_21' title='bbox 173 624 328 703; x_wconf 79' lang='lat' dir='ltr'><strong>Agundum</strong></span> <span class='ocrx_word' id='word_1_22' title='bbox 343 629 430 701; x_wconf 89' lang='lat' dir='ltr'><strong>atque</strong></span> <span class='ocrx_word' id='word_1_23' title='bbox 443 621 559 684; x_wconf 75' lang='lat' dir='ltr'><strong>obuiam</strong></span> <span class='ocrx_word' id='word_1_24' title='bbox 571 624 699 685; x_wconf 91' lang='lat' dir='ltr'><strong>eundum</strong></span> <span class='ocrx_word' id='word_1_25' title='bbox 713 630 765 693; x_wconf 90' lang='lat' dir='ltr'><strong>est,</strong></span> <span class='ocrx_word' id='word_1_26' title='bbox 778 623 913 696; x_wconf 74' lang='lat' dir='ltr'><strong>Quirites,</strong></span> <span class='ocrx_word' id='word_1_27' title='bbox 929 641 968 684; x_wconf 88' lang='lat' dir='ltr'><strong>na</strong></span> <span class='ocrx_word' id='word_1_28' title='bbox 978 624 1070 702; x_wconf 90' lang='lat' dir='ltr'><strong>spolia</strong></span> <span class='ocrx_word' id='word_1_29' title='bbox 1103 635 1120 682; x_wconf 79' lang='lat' dir='ltr'><strong>a</strong></span> 
     </span>
     <span class='ocr_line' id='line_1_6' title="bbox 63 704 1069 787; baseline -0.003 -16"><span class='ocrx_word' id='word_1_30' title='bbox 63 716 185 771; x_wconf 80' lang='lat' dir='ltr'><strong>svostra</strong></span> <span class='ocrx_word' id='word_1_31' title='bbox 204 725 296 787; x_wconf 89' lang='lat' dir='ltr'><strong>penes</strong></span> <span class='ocrx_word' id='word_1_32' title='bbox 317 705 382 767; x_wconf 90' lang='lat' dir='ltr'><strong>illos</strong></span> <span class='ocrx_word' id='word_1_33' title='bbox 403 707 475 766; x_wconf 82' lang='lat' dir='ltr'><strong>sint:</strong></span> <span class='ocrx_word' id='word_1_34' title='bbox 502 723 561 767; x_wconf 93' lang='lat' dir='ltr'><strong>non</strong></span> <span class='ocrx_word' id='word_1_35' title='bbox 583 704 789 785; x_wconf 75' lang='lat' dir='ltr'><strong>prolatandum</strong></span> <span class='ocrx_word' id='word_1_36' title='bbox 810 707 999 784; x_wconf 77' lang='lat' dir='ltr'><strong>nequeuntis</strong></span> <span class='ocrx_word' id='word_1_37' title='bbox 1018 725 1069 786; x_wconf 92' lang='lat' dir='ltr'><strong>pa·</strong></span> 
     </span>
     <span class='ocr_line' id='line_1_7' title="bbox 88 789 1070 868; baseline 0 -15"><span class='ocrx_word' id='word_1_38' title='bbox 88 793 181 854; x_wconf 89' lang='lat' dir='ltr'><strong>randa</strong></span> <span class='ocrx_word' id='word_1_39' title='bbox 193 791 312 853; x_wconf 88' lang='lat' dir='ltr'><strong>auxilia:</strong></span> <span class='ocrx_word' id='word_1_40' title='bbox 334 791 390 851; x_wconf 92' lang='lat' dir='ltr'><strong>nisi</strong></span> <span class='ocrx_word' id='word_1_41' title='bbox 404 789 482 850; x_wconf 79' lang='lat' dir='ltr'><strong>torte</strong></span> <span class='ocrx_word' id='word_1_42' title='bbox 495 791 619 868; x_wconf 88' lang='lat' dir='ltr'><strong>speratis</strong></span> <span class='ocrx_word' id='word_1_43' title='bbox 638 791 767 853; x_wconf 85' lang='lat' dir='ltr'><strong>taedium</strong></span> <span class='ocrx_word' id='word_1_44' title='bbox 787 791 845 851; x_wconf 89' lang='lat' dir='ltr'><strong>iam</strong></span> <span class='ocrx_word' id='word_1_45' title='bbox 864 797 914 851; x_wconf 90' lang='lat' dir='ltr'><strong>aut</strong></span> <span class='ocrx_word' id='word_1_46' title='bbox 925 790 1070 868; x_wconf 87' lang='lat' dir='ltr'><strong>pudorem</strong></span> 
     </span>
     <span class='ocr_line' id='line_1_8' title="bbox 87 873 1069 957; baseline -0.001 -21"><span class='ocrx_word' id='word_1_47' title='bbox 87 877 248 957; x_wconf 74' lang='lat' dir='ltr'><strong>tyrannidis</strong></span> <span class='ocrx_word' id='word_1_48' title='bbox 263 873 360 937; x_wconf 83' lang='lat' dir='ltr'>Sullae</span> <span class='ocrx_word' id='word_1_49' title='bbox 382 890 445 935; x_wconf 91' lang='lat' dir='ltr'><strong>esse</strong></span> <span class='ocrx_word' id='word_1_50' title='bbox 467 880 496 934; x_wconf 92' lang='lat' dir='ltr'><strong>et</strong></span> <span class='ocrx_word' id='word_1_51' title='bbox 517 892 584 935; x_wconf 89' lang='lat' dir='ltr'><strong>eum</strong></span> <span class='ocrx_word' id='word_1_52' title='bbox 606 891 660 951; x_wconf 87' lang='lat' dir='ltr'><strong>per</strong></span> <span class='ocrx_word' id='word_1_53' title='bbox 679 875 775 936; x_wconf 87' lang='lat' dir='ltr'><strong>scelus</strong></span> <span class='ocrx_word' id='word_1_54' title='bbox 798 879 939 950; x_wconf 84' lang='lat' dir='ltr'><strong>occupata</strong></span> <span class='ocrx_word' id='word_1_55' title='bbox 954 875 1069 950; x_wconf 87' lang='lat' dir='ltr'><strong>pericu·</strong></span> 
     </span>
     <span class='ocr_line' id='line_1_9' title="bbox 88 955 1121 1036; baseline -0.003 -17"><span class='ocrx_word' id='word_1_56' title='bbox 88 959 178 1020; x_wconf 91' lang='lat' dir='ltr'><strong>losius</strong></span> <span class='ocrx_word' id='word_1_57' title='bbox 199 961 396 1020; x_wconf 91' lang='lat' dir='ltr'><strong>dimissurum.</strong></span> <span class='ocrx_word' id='word_1_58' title='bbox 415 957 451 1018; x_wconf 79' lang='lat' dir='ltr'><strong>At</strong></span> <span class='ocrx_word' id='word_1_59' title='bbox 473 956 520 1018; x_wconf 93' lang='lat' dir='ltr'><strong>ille</strong></span> <span class='ocrx_word' id='word_1_60' title='bbox 545 976 579 1018; x_wconf 93' lang='lat' dir='ltr'><strong>eo</strong></span> <span class='ocrx_word' id='word_1_61' title='bbox 600 959 759 1036; x_wconf 91' lang='lat' dir='ltr'><strong>prooessit,</strong></span> <span class='ocrx_word' id='word_1_62' title='bbox 781 955 897 1018; x_wconf 89' lang='lat' dir='ltr'><strong>utnihil</strong></span> <span class='ocrx_word' id='word_1_63' title='bbox 910 955 1069 1034; x_wconf 86' lang='lat' dir='ltr'><strong>gloriosum</strong></span> <span class='ocrx_word' id='word_1_64' title='bbox 1104 968 1121 1016; x_wconf 83' lang='lat' dir='ltr'><strong>u</strong></span> 
     </span>
     <span class='ocr_line' id='line_1_10' title="bbox 88 1040 1070 1104; baseline -0.001 -2"><span class='ocrx_word' id='word_1_65' title='bbox 88 1044 145 1103; x_wconf 89' lang='lat' dir='ltr'><strong>nisi</strong></span> <span class='ocrx_word' id='word_1_66' title='bbox 166 1049 262 1104; x_wconf 92' lang='lat' dir='ltr'><strong>tutum</strong></span> <span class='ocrx_word' id='word_1_67' title='bbox 285 1049 314 1104; x_wconf 90' lang='lat' dir='ltr'><strong>et</strong></span> <span class='ocrx_word' id='word_1_68' title='bbox 335 1042 431 1102; x_wconf 86' lang='lat' dir='ltr'><strong>omnia</strong></span> <span class='ocrx_word' id='word_1_69' title='bbox 452 1042 622 1103; x_wconf 77' lang='lat' dir='ltr'><strong>retinendae</strong></span> <span class='ocrx_word' id='word_1_70' title='bbox 651 1042 855 1103; x_wconf 87' lang='lat' dir='ltr'><strong>dominationis</strong></span> <span class='ocrx_word' id='word_1_71' title='bbox 875 1040 997 1101; x_wconf 89' lang='lat' dir='ltr'><strong>honesta</strong></span> <span class='ocrx_word' id='word_1_72' title='bbox 1019 1058 1070 1101; x_wconf 85' lang='lat' dir='ltr'><strong>ex·</strong></span> 
     </span>
     <span class='ocr_line' id='line_1_11' title="bbox 56 1123 1121 1206; baseline 0.004 -24"><span class='ocrx_word' id='word_1_73' title='bbox 56 1127 215 1187; x_wconf 83' lang='lat' dir='ltr'><strong>roistumet.</strong></span> <span class='ocrx_word' id='word_1_74' title='bbox 254 1127 356 1206; x_wconf 91' lang='lat' dir='ltr'><strong>ltaque</strong></span> <span class='ocrx_word' id='word_1_75' title='bbox 384 1124 432 1186; x_wconf 89' lang='lat' dir='ltr'><strong>illa</strong></span> <span class='ocrx_word' id='word_1_76' title='bbox 460 1126 542 1204; x_wconf 91' lang='lat' dir='ltr'><strong>quies</strong></span> <span class='ocrx_word' id='word_1_77' title='bbox 564 1132 593 1186; x_wconf 88' lang='lat' dir='ltr'><strong>et</strong></span> <span class='ocrx_word' id='word_1_78' title='bbox 617 1127 707 1187; x_wconf 89' lang='lat' dir='ltr'><strong>otium</strong></span> <span class='ocrx_word' id='word_1_79' title='bbox 726 1143 795 1187; x_wconf 85' lang='lat' dir='ltr'><strong>cum</strong></span> <span class='ocrx_word' id='word_1_80' title='bbox 816 1123 966 1195; x_wconf 89' lang='lat' dir='ltr'><strong>libertate,</strong></span> <span class='ocrx_word' id='word_1_81' title='bbox 995 1141 1071 1203; x_wconf 90' lang='lat' dir='ltr'><strong>quae</strong></span> <span class='ocrx_word' id='word_1_82' title='bbox 1104 1136 1121 1186; x_wconf 80' lang='lat' dir='ltr'><strong>u</strong></span> 
     </span>
     <span class='ocr_line' id='line_1_12' title="bbox 89 1208 1070 1289; baseline -0.003 -18"><span class='ocrx_word' id='word_1_83' title='bbox 89 1208 171 1271; x_wconf 90' lang='lat' dir='ltr'><strong>multi</strong></span> <span class='ocrx_word' id='word_1_84' title='bbox 194 1210 282 1289; x_wconf 90' lang='lat' dir='ltr'><strong>probi</strong></span> <span class='ocrx_word' id='word_1_85' title='bbox 303 1211 400 1286; x_wconf 90' lang='lat' dir='ltr'><strong>potius</strong></span> <span class='ocrx_word' id='word_1_86' title='bbox 422 1226 509 1286; x_wconf 89' lang='lat' dir='ltr'><strong>quam</strong></span> <span class='ocrx_word' id='word_1_87' title='bbox 531 1208 664 1270; x_wconf 81' lang='lat' dir='ltr'><strong>laborem</strong></span> <span class='ocrx_word' id='word_1_88' title='bbox 689 1227 757 1270; x_wconf 89' lang='lat' dir='ltr'><strong>oum</strong></span> <span class='ocrx_word' id='word_1_89' title='bbox 782 1208 947 1270; x_wconf 87' lang='lat' dir='ltr'><strong>honoribus</strong></span> <span class='ocrx_word' id='word_1_90' title='bbox 969 1225 1070 1286; x_wconf 81' lang='lat' dir='ltr'><strong>ospes·</strong></span> 
     </span>
     <span class='ocr_line' id='line_1_13' title="bbox 89 1290 1122 1370; baseline 0.003 -18"><span class='ocrx_word' id='word_1_91' title='bbox 89 1293 210 1361; x_wconf 88' lang='lat' dir='ltr'><strong>sebant,</strong></span> <span class='ocrx_word' id='word_1_92' title='bbox 238 1291 318 1353; x_wconf 92' lang='lat' dir='ltr'><strong>nulla</strong></span> <span class='ocrx_word' id='word_1_93' title='bbox 340 1297 423 1352; x_wconf 91' lang='lat' dir='ltr'><strong>sunt:</strong></span> <span class='ocrx_word' id='word_1_94' title='bbox 451 1290 508 1351; x_wconf 90' lang='lat' dir='ltr'><strong>hac</strong></span> <span class='ocrx_word' id='word_1_95' title='bbox 533 1297 706 1370; x_wconf 88' lang='lat' dir='ltr'><strong>tempestate</strong></span> <span class='ocrx_word' id='word_1_96' title='bbox 733 1291 923 1353; x_wconf 82' lang='lat' dir='ltr'><strong>serviundum</strong></span> <span class='ocrx_word' id='word_1_97' title='bbox 953 1293 1122 1355; x_wconf 78' lang='lat' dir='ltr'><strong>autin-10</strong></span> 
     </span>
     <span class='ocr_line' id='line_1_14' title="bbox 88 1372 1068 1455; baseline -0.003 -18"><span class='ocrx_word' id='word_1_98' title='bbox 88 1375 290 1455; x_wconf 87' lang='lat' dir='ltr'><strong>peritandum,</strong></span> <span class='ocrx_word' id='word_1_99' title='bbox 313 1373 466 1436; x_wconf 86' lang='lat' dir='ltr'><strong>habendus</strong></span> <span class='ocrx_word' id='word_1_100' title='bbox 486 1379 581 1434; x_wconf 91' lang='lat' dir='ltr'><strong>metus</strong></span> <span class='ocrx_word' id='word_1_101' title='bbox 603 1381 647 1434; x_wconf 89' lang='lat' dir='ltr'><strong>est</strong></span> <span class='ocrx_word' id='word_1_102' title='bbox 668 1381 718 1435; x_wconf 89' lang='lat' dir='ltr'><strong>aut</strong></span> <span class='ocrx_word' id='word_1_103' title='bbox 739 1374 908 1443; x_wconf 87' lang='lat' dir='ltr'><strong>faciundus,</strong></span> <span class='ocrx_word' id='word_1_104' title='bbox 933 1372 1068 1444; x_wconf 84' lang='lat' dir='ltr'><strong>Quirites.</strong></span> 
     </span>
     <span class='ocr_line' id='line_1_15' title="bbox 87 1457 1119 1538; baseline 0.003 -18"><span class='ocrx_word' id='word_1_105' title='bbox 87 1459 162 1520; x_wconf 88' lang='lat' dir='ltr'><strong>Nam</strong></span> <span class='ocrx_word' id='word_1_106' title='bbox 184 1459 254 1538; x_wconf 93' lang='lat' dir='ltr'><strong>quid</strong></span> <span class='ocrx_word' id='word_1_107' title='bbox 276 1457 375 1520; x_wconf 68' lang='lat' dir='ltr'><strong>ultra?</strong></span> <span class='ocrx_word' id='word_1_108' title='bbox 405 1475 515 1537; x_wconf 85' lang='lat' dir='ltr'><strong>quaeve</strong></span> <span class='ocrx_word' id='word_1_109' title='bbox 536 1457 664 1519; x_wconf 87' lang='lat' dir='ltr'><strong>humana</strong></span> <span class='ocrx_word' id='word_1_110' title='bbox 685 1464 825 1536; x_wconf 89' lang='lat' dir='ltr'><strong>superant</strong></span> <span class='ocrx_word' id='word_1_111' title='bbox 847 1463 897 1519; x_wconf 89' lang='lat' dir='ltr'><strong>aut</strong></span> <span class='ocrx_word' id='word_1_112' title='bbox 917 1457 1012 1518; x_wconf 73' lang='lat' dir='ltr'><strong>dimna</strong></span> <span class='ocrx_word' id='word_1_113' title='bbox 1027 1459 1070 1517; x_wconf 89' lang='lat' dir='ltr'><strong>in·</strong></span> <span class='ocrx_word' id='word_1_114' title='bbox 1091 1473 1119 1523; x_wconf 89' lang='lat'><strong>11</strong></span> 
     </span>
     <span class='ocr_line' id='line_1_16' title="bbox 55 1541 1070 1624; baseline -0.004 -20"><span class='ocrx_word' id='word_1_115' title='bbox 55 1561 79 1604; x_wconf 73' lang='grc' dir='ltr'><strong>ιι</strong></span> <span class='ocrx_word' id='word_1_116' title='bbox 88 1543 198 1624; x_wconf 91' lang='lat' dir='ltr'><strong>polluta</strong></span> <span class='ocrx_word' id='word_1_117' title='bbox 221 1542 307 1604; x_wconf 80' lang='lat' dir='ltr'><strong>sanat</strong></span> <span class='ocrx_word' id='word_1_118' title='bbox 339 1541 470 1620; x_wconf 89' lang='lat' dir='ltr'><strong>Populus</strong></span> <span class='ocrx_word' id='word_1_119' title='bbox 490 1541 649 1611; x_wconf 89' lang='lat' dir='ltr'><strong>Romanus,</strong></span> <span class='ocrx_word' id='word_1_120' title='bbox 670 1541 759 1619; x_wconf 94' lang='lat' dir='ltr'><strong>paulo</strong></span> <span class='ocrx_word' id='word_1_121' title='bbox 774 1547 841 1602; x_wconf 93' lang='lat' dir='ltr'><strong>ante</strong></span> <span class='ocrx_word' id='word_1_122' title='bbox 856 1542 987 1618; x_wconf 87' lang='lat' dir='ltr'><strong>gentium</strong></span> <span class='ocrx_word' id='word_1_123' title='bbox 1007 1558 1070 1601; x_wconf 90' lang='lat' dir='ltr'><strong>mo·</strong></span> 
     </span>
     <span class='ocr_line' id='line_1_17' title="bbox 88 1625 1071 1705; baseline -0.004 -16"><span class='ocrx_word' id='word_1_124' title='bbox 88 1627 217 1697; x_wconf 88' lang='lat' dir='ltr'><strong>derator,</strong></span> <span class='ocrx_word' id='word_1_125' title='bbox 238 1634 342 1689; x_wconf 85' lang='lat' dir='ltr'><strong>exutus</strong></span> <span class='ocrx_word' id='word_1_126' title='bbox 355 1627 482 1705; x_wconf 87' lang='lat' dir='ltr'><strong>lmperlo</strong></span> <span class='ocrx_word' id='word_1_127' title='bbox 496 1625 589 1703; x_wconf 91' lang='lat' dir='ltr'><strong>gloria</strong></span> <span class='ocrx_word' id='word_1_128' title='bbox 610 1627 689 1695; x_wconf 90' lang='lat' dir='ltr'><strong>iure,</strong></span> <span class='ocrx_word' id='word_1_129' title='bbox 713 1626 840 1703; x_wconf 89' lang='lat' dir='ltr'><strong>agitandi</strong></span> <span class='ocrx_word' id='word_1_130' title='bbox 860 1625 945 1705; x_wconf 89' lang='lat' dir='ltr'><strong>inops</strong></span> <span class='ocrx_word' id='word_1_131' title='bbox 967 1626 1071 1702; x_wconf 90' lang='lat' dir='ltr'><strong>despe-</strong></span> 
     </span>
     <span class='ocr_line' id='line_1_18' title="bbox 89 1707 1121 1789; baseline -0.006 -19"><span class='ocrx_word' id='word_1_132' title='bbox 89 1716 211 1789; x_wconf 89' lang='lat' dir='ltr'><strong>ctusque</strong></span> <span class='ocrx_word' id='word_1_133' title='bbox 232 1729 270 1771; x_wconf 90' lang='lat' dir='ltr'><strong>ne</strong></span> <span class='ocrx_word' id='word_1_134' title='bbox 290 1710 402 1772; x_wconf 85' lang='lat' dir='ltr'><strong>servilia</strong></span> <span class='ocrx_word' id='word_1_135' title='bbox 426 1710 544 1788; x_wconf 89' lang='lat' dir='ltr'><strong>quidem</strong></span> <span class='ocrx_word' id='word_1_136' title='bbox 566 1707 702 1771; x_wconf 52' lang='lat' dir='ltr'><strong>wenta</strong></span> <span class='ocrx_word' id='word_1_137' title='bbox 720 1707 830 1771; x_wconf 86' lang='lat' dir='ltr'><strong>relicua</strong></span> <span class='ocrx_word' id='word_1_138' title='bbox 848 1707 946 1771; x_wconf 86' lang='lat' dir='ltr'><strong>habet</strong></span> <span class='ocrx_word' id='word_1_139' title='bbox 971 1708 1121 1770; x_wconf 79' lang='lat' dir='ltr'><strong>socio-12</strong></span> 
     </span>
     <span class='ocr_line' id='line_1_19' title="bbox 87 1791 1072 1870; baseline -0.005 -16"><span class='ocrx_word' id='word_1_140' title='bbox 87 1811 156 1854; x_wconf 90' lang='lat' dir='ltr'><strong>rum</strong></span> <span class='ocrx_word' id='word_1_141' title='bbox 184 1800 213 1853; x_wconf 91' lang='lat' dir='ltr'><strong>et</strong></span> <span class='ocrx_word' id='word_1_142' title='bbox 233 1793 298 1854; x_wconf 91' lang='lat' dir='ltr'><strong>Lati</strong></span> <span class='ocrx_word' id='word_1_143' title='bbox 326 1809 432 1870; x_wconf 90' lang='lat' dir='ltr'><strong>magua</strong></span> <span class='ocrx_word' id='word_1_144' title='bbox 460 1794 502 1853; x_wconf 84' lang='lat' dir='ltr'><strong>ris</strong></span> <span class='ocrx_word' id='word_1_145' title='bbox 532 1793 646 1853; x_wconf 84' lang='lat' dir='ltr'><strong>civitate</strong></span> <span class='ocrx_word' id='word_1_146' title='bbox 678 1810 733 1870; x_wconf 91' lang='lat' dir='ltr'><strong>pro</strong></span> <span class='ocrx_word' id='word_1_147' title='bbox 763 1791 862 1852; x_wconf 91' lang='lat' dir='ltr'><strong>multis</strong></span> <span class='ocrx_word' id='word_1_148' title='bbox 890 1799 919 1853; x_wconf 90' lang='lat' dir='ltr'><strong>et</strong></span> <span class='ocrx_word' id='word_1_149' title='bbox 945 1792 1072 1870; x_wconf 76' lang='lat' dir='ltr'><strong>egregiis</strong></span> 
     </span>
     <span class='ocr_line' id='line_1_20' title="bbox 88 1872 1070 1954; baseline -0.001 -19"><span class='ocrx_word' id='word_1_150' title='bbox 88 1876 208 1938; x_wconf 83' lang='lat' dir='ltr'><strong>iactisa</strong></span> <span class='ocrx_word' id='word_1_151' title='bbox 231 1875 313 1936; x_wconf 84' lang='lat' dir='ltr'><strong>vobis</strong></span> <span class='ocrx_word' id='word_1_152' title='bbox 336 1876 400 1936; x_wconf 90' lang='lat' dir='ltr'><strong>data</strong></span> <span class='ocrx_word' id='word_1_153' title='bbox 421 1892 476 1953; x_wconf 90' lang='lat' dir='ltr'><strong>per</strong></span> <span class='ocrx_word' id='word_1_154' title='bbox 497 1892 590 1936; x_wconf 92' lang='lat' dir='ltr'><strong>unum</strong></span> <span class='ocrx_word' id='word_1_155' title='bbox 611 1874 823 1953; x_wconf 89' lang='lat' dir='ltr'><strong>prohihentur,</strong></span> <span class='ocrx_word' id='word_1_156' title='bbox 855 1881 884 1936; x_wconf 90' lang='lat' dir='ltr'><strong>et</strong></span> <span class='ocrx_word' id='word_1_157' title='bbox 904 1872 1002 1954; x_wconf 91' lang='lat' dir='ltr'><strong>plebei</strong></span> <span class='ocrx_word' id='word_1_158' title='bbox 1026 1875 1070 1934; x_wconf 89' lang='lat' dir='ltr'><strong>iu·</strong></span> 
     </span>
     <span class='ocr_line' id='line_1_21' title="bbox 54 1955 1071 2038; baseline -0.003 -17"><span class='ocrx_word' id='word_1_159' title='bbox 54 1961 192 2022; x_wconf 78' lang='lat' dir='ltr'><strong>senoniae</strong></span> <span class='ocrx_word' id='word_1_160' title='bbox 210 1961 320 2038; x_wconf 89' lang='lat' dir='ltr'><strong>patrias</strong></span> <span class='ocrx_word' id='word_1_161' title='bbox 348 1959 432 2020; x_wconf 89' lang='lat' dir='ltr'><strong>sedes</strong></span> <span class='ocrx_word' id='word_1_162' title='bbox 454 1976 636 2037; x_wconf 89' lang='lat' dir='ltr'><strong>occupavere</strong></span> <span class='ocrx_word' id='word_1_163' title='bbox 657 1960 744 2036; x_wconf 89' lang='lat' dir='ltr'><strong>pauci</strong></span> <span class='ocrx_word' id='word_1_164' title='bbox 764 1955 919 2029; x_wconf 87' lang='lat' dir='ltr'><strong>satellites,</strong></span> <span class='ocrx_word' id='word_1_165' title='bbox 957 1974 1071 2018; x_wconf 90' lang='lat' dir='ltr'><strong>merce·</strong></span> 
     </span>
     <span class='ocr_line' id='line_1_22' title="bbox 89 2042 1122 2121; baseline -0.004 -16"><span class='ocrx_word' id='word_1_166' title='bbox 89 2045 156 2106; x_wconf 91' lang='lat' dir='ltr'><strong>dem</strong></span> <span class='ocrx_word' id='word_1_167' title='bbox 178 2042 332 2106; x_wconf 86' lang='lat' dir='ltr'><strong>scelerum.</strong></span> <span class='ocrx_word' id='word_1_168' title='bbox 361 2042 454 2120; x_wconf 82' lang='lat' dir='ltr'><strong>Leges</strong></span> <span class='ocrx_word' id='word_1_169' title='bbox 475 2042 581 2106; x_wconf 87' lang='lat' dir='ltr'><strong>iudicia</strong></span> <span class='ocrx_word' id='word_1_170' title='bbox 619 2043 777 2112; x_wconf 87' lang='lat' dir='ltr'><strong>aerarium,</strong></span> <span class='ocrx_word' id='word_1_171' title='bbox 796 2042 963 2121; x_wconf 83' lang='lat' dir='ltr'><strong>provinciae</strong></span> <span class='ocrx_word' id='word_1_172' title='bbox 985 2056 1072 2118; x_wconf 84' lang='lat' dir='ltr'><strong>reges</strong></span> <span class='ocrx_word' id='word_1_173' title='bbox 1090 2049 1122 2102; x_wconf 79' lang='lat'><strong>1³</strong></span> 
     </span>
     <span class='ocr_line' id='line_1_23' title="bbox 88 2121 1121 2207; baseline -0.005 -18"><span class='ocrx_word' id='word_1_174' title='bbox 88 2146 179 2207; x_wconf 90' lang='lat' dir='ltr'><strong>penes</strong></span> <span class='ocrx_word' id='word_1_175' title='bbox 197 2145 299 2197; x_wconf 89' lang='lat' dir='ltr'><strong>unum,</strong></span> <span class='ocrx_word' id='word_1_176' title='bbox 323 2127 449 2205; x_wconf 90' lang='lat' dir='ltr'><strong>denique</strong></span> <span class='ocrx_word' id='word_1_177' title='bbox 466 2128 547 2188; x_wconf 86' lang='lat' dir='ltr'><strong>neeis</strong></span> <span class='ocrx_word' id='word_1_178' title='bbox 564 2127 669 2188; x_wconf 86' lang='lat' dir='ltr'><strong>civium</strong></span> <span class='ocrx_word' id='word_1_179' title='bbox 692 2132 721 2188; x_wconf 91' lang='lat' dir='ltr'><strong>et</strong></span> <span class='ocrx_word' id='word_1_180' title='bbox 738 2127 814 2188; x_wconf 87' lang='lat' dir='ltr'><strong>ritae</strong></span> <span class='ocrx_word' id='word_1_181' title='bbox 833 2125 958 2187; x_wconf 88' lang='lat' dir='ltr'><strong>licentia.</strong></span> <span class='ocrx_word' id='word_1_182' title='bbox 979 2121 1121 2186; x_wconf 75' lang='lat' dir='ltr'><strong>simulne</strong></span> 
     </span>
     <span class='ocr_line' id='line_1_24' title="bbox 88 2207 1071 2288; baseline -0.007 -15"><span class='ocrx_word' id='word_1_183' title='bbox 88 2211 233 2272; x_wconf 87' lang='lat' dir='ltr'><strong>humanas</strong></span> <span class='ocrx_word' id='word_1_184' title='bbox 246 2210 356 2269; x_wconf 88' lang='lat' dir='ltr'><strong>hostias</strong></span> <span class='ocrx_word' id='word_1_185' title='bbox 371 2210 482 2269; x_wconf 78' lang='lat' dir='ltr'><strong>uidistis</strong></span> <span class='ocrx_word' id='word_1_186' title='bbox 500 2217 529 2270; x_wconf 89' lang='lat' dir='ltr'><strong>et</strong></span> <span class='ocrx_word' id='word_1_187' title='bbox 548 2209 684 2288; x_wconf 89' lang='lat' dir='ltr'><strong>sepulcra</strong></span> <span class='ocrx_word' id='word_1_188' title='bbox 705 2210 812 2272; x_wconf 86' lang='lat' dir='ltr'><strong>iniecta</strong></span> <span class='ocrx_word' id='word_1_189' title='bbox 829 2212 972 2286; x_wconf 88' lang='lat' dir='ltr'><strong>sanguine</strong></span> <span class='ocrx_word' id='word_1_190' title='bbox 987 2207 1071 2270; x_wconf 85' lang='lat' dir='ltr'><strong>civili.</strong></span> 
     </span>
     <span class='ocr_line' id='line_1_25' title="bbox 89 2289 1123 2369; baseline -0.003 -14"><span class='ocrx_word' id='word_1_191' title='bbox 89 2294 180 2355; x_wconf 85' lang='lat' dir='ltr'><strong>Estne</strong></span> <span class='ocrx_word' id='word_1_192' title='bbox 201 2293 269 2353; x_wconf 84' lang='lat' dir='ltr'><strong>viris</strong></span> <span class='ocrx_word' id='word_1_193' title='bbox 289 2292 392 2354; x_wconf 87' lang='lat' dir='ltr'><strong>relicui</strong></span> <span class='ocrx_word' id='word_1_194' title='bbox 413 2289 490 2352; x_wconf 85' lang='lat' dir='ltr'><strong>aliud</strong></span> <span class='ocrx_word' id='word_1_195' title='bbox 510 2310 598 2369; x_wconf 92' lang='lat' dir='ltr'><strong>quam</strong></span> <span class='ocrx_word' id='word_1_196' title='bbox 619 2293 733 2354; x_wconf 89' lang='lat' dir='ltr'><strong>solvere</strong></span> <span class='ocrx_word' id='word_1_197' title='bbox 754 2295 889 2353; x_wconf 90' lang='lat' dir='ltr'><strong>iniuriam</strong></span> <span class='ocrx_word' id='word_1_198' title='bbox 927 2300 977 2352; x_wconf 93' lang='lat' dir='ltr'><strong>aut</strong></span> <span class='ocrx_word' id='word_1_199' title='bbox 996 2292 1072 2351; x_wconf 91' lang='lat' dir='ltr'><strong>mori</strong></span> <span class='ocrx_word' id='word_1_200' title='bbox 1091 2302 1123 2352; x_wconf 82' lang='lat' dir='ltr'><strong>lo</strong></span> 
     </span>
     <span class='ocr_line' id='line_1_26' title="bbox 55 2375 1071 2456; baseline -0.007 -15"><span class='ocrx_word' id='word_1_201' title='bbox 55 2396 145 2456; x_wconf 74' lang='lat' dir='ltr'><strong>asper</strong></span> <span class='ocrx_word' id='word_1_202' title='bbox 163 2375 318 2437; x_wconf 71' lang='lat' dir='ltr'><strong>virtutem?</strong></span> <span class='ocrx_word' id='word_1_203' title='bbox 351 2375 488 2454; x_wconf 89' lang='lat' dir='ltr'><strong>quoniam</strong></span> <span class='ocrx_word' id='word_1_204' title='bbox 508 2375 625 2452; x_wconf 90' lang='lat' dir='ltr'><strong>quidem</strong></span> <span class='ocrx_word' id='word_1_205' title='bbox 645 2391 737 2435; x_wconf 93' lang='lat' dir='ltr'><strong>unum</strong></span> <span class='ocrx_word' id='word_1_206' title='bbox 760 2375 895 2435; x_wconf 90' lang='lat' dir='ltr'><strong>omnihus</strong></span> <span class='ocrx_word' id='word_1_207' title='bbox 917 2376 1006 2435; x_wconf 86' lang='lat' dir='ltr'><strong>linem</strong></span> <span class='ocrx_word' id='word_1_208' title='bbox 1019 2391 1071 2434; x_wconf 87' lang='lat' dir='ltr'><strong>na·</strong></span> 
     </span>
     <span class='ocr_line' id='line_1_27' title="bbox 90 2457 1072 2537; baseline -0.005 -15"><span class='ocrx_word' id='word_1_209' title='bbox 90 2469 157 2523; x_wconf 88' lang='lat' dir='ltr'><strong>tura</strong></span> <span class='ocrx_word' id='word_1_210' title='bbox 176 2457 222 2520; x_wconf 87' lang='lat' dir='ltr'><strong>vel</strong></span> <span class='ocrx_word' id='word_1_211' title='bbox 242 2460 323 2520; x_wconf 83' lang='lat' dir='ltr'><strong>forro</strong></span> <span class='ocrx_word' id='word_1_212' title='bbox 344 2459 450 2536; x_wconf 89' lang='lat' dir='ltr'><strong>saeptis</strong></span> <span class='ocrx_word' id='word_1_213' title='bbox 469 2459 581 2527; x_wconf 84' lang='lat' dir='ltr'><strong>statuit,</strong></span> <span class='ocrx_word' id='word_1_214' title='bbox 612 2475 708 2536; x_wconf 90' lang='lat' dir='ltr'><strong>neque</strong></span> <span class='ocrx_word' id='word_1_215' title='bbox 737 2459 890 2537; x_wconf 88' lang='lat' dir='ltr'><strong>quisquam</strong></span> <span class='ocrx_word' id='word_1_216' title='bbox 911 2464 1072 2519; x_wconf 83' lang='lat' dir='ltr'><strong>extremam</strong></span> 
     </span>
     <span class='ocr_line' id='line_1_28' title="bbox 91 2539 1071 2619; baseline -0.006 -14"><span class='ocrx_word' id='word_1_217' title='bbox 91 2544 296 2606; x_wconf 88' lang='lat' dir='ltr'><strong>necessitatem</strong></span> <span class='ocrx_word' id='word_1_218' title='bbox 328 2541 400 2602; x_wconf 91' lang='lat' dir='ltr'><strong>nihil</strong></span> <span class='ocrx_word' id='word_1_219' title='bbox 428 2558 515 2603; x_wconf 91' lang='lat' dir='ltr'><strong>ausus</strong></span> <span class='ocrx_word' id='word_1_220' title='bbox 540 2541 596 2601; x_wconf 91' lang='lat' dir='ltr'><strong>nisi</strong></span> <span class='ocrx_word' id='word_1_221' title='bbox 621 2539 759 2602; x_wconf 87' lang='lat' dir='ltr'><strong>muliebri</strong></span> <span class='ocrx_word' id='word_1_222' title='bbox 788 2542 905 2619; x_wconf 86' lang='lat' dir='ltr'><strong>ingenio</strong></span> <span class='ocrx_word' id='word_1_223' title='bbox 928 2546 1071 2618; x_wconf 85' lang='lat' dir='ltr'><strong>expectat.</strong></span> 
     </span>
     <span class='ocr_line' id='line_1_29' title="bbox 90 2622 1123 2704; baseline -0.004 -16"><span class='ocrx_word' id='word_1_224' title='bbox 90 2627 198 2690; x_wconf 86' lang='lat' dir='ltr'><strong>Verum</strong></span> <span class='ocrx_word' id='word_1_225' title='bbox 221 2643 275 2704; x_wconf 90' lang='lat' dir='ltr'><strong>ego</strong></span> <span class='ocrx_word' id='word_1_226' title='bbox 295 2625 458 2694; x_wconf 88' lang='lat' dir='ltr'><strong>seditiosus,</strong></span> <span class='ocrx_word' id='word_1_227' title='bbox 482 2627 523 2687; x_wconf 90' lang='lat' dir='ltr'><strong>uti</strong></span> <span class='ocrx_word' id='word_1_228' title='bbox 539 2623 618 2686; x_wconf 90' lang='lat' dir='ltr'><strong>Sulla</strong></span> <span class='ocrx_word' id='word_1_229' title='bbox 636 2625 683 2694; x_wconf 92' lang='lat' dir='ltr'><strong>ait,</strong></span> <span class='ocrx_word' id='word_1_230' title='bbox 697 2622 753 2703; x_wconf 67' lang='lat' dir='ltr'><strong>‘qui</strong></span> <span class='ocrx_word' id='word_1_231' title='bbox 771 2626 903 2704; x_wconf 90' lang='lat' dir='ltr'><strong>praemia</strong></span> <span class='ocrx_word' id='word_1_232' title='bbox 917 2623 1072 2688; x_wconf 91' lang='lat' dir='ltr'><strong>turbarum</strong></span> <span class='ocrx_word' id='word_1_233' title='bbox 1092 2624 1123 2676; x_wconf 77' lang='lat'><strong>1⁶</strong></span> 
     </span>
     <span class='ocr_line' id='line_1_30' title="bbox 92 2707 1121 2790; baseline -0.003 -19"><span class='ocrx_word' id='word_1_234' title='bbox 92 2728 211 2790; x_wconf 90' lang='lat' dir='ltr'><strong>queror,</strong></span> <span class='ocrx_word' id='word_1_235' title='bbox 229 2717 258 2770; x_wconf 88' lang='lat' dir='ltr'><strong>et</strong></span> <span class='ocrx_word' id='word_1_236' title='bbox 278 2709 388 2771; x_wconf 88' lang='lat' dir='ltr'><strong>bellum</strong></span> <span class='ocrx_word' id='word_1_237' title='bbox 410 2710 539 2789; x_wconf 89' lang='lat' dir='ltr'><strong>cupiens,</strong></span> <span class='ocrx_word' id='word_1_238' title='bbox 565 2709 614 2788; x_wconf 90' lang='lat' dir='ltr'><strong>qui</strong></span> <span class='ocrx_word' id='word_1_239' title='bbox 632 2709 696 2769; x_wconf 88' lang='lat' dir='ltr'><strong>iura</strong></span> <span class='ocrx_word' id='word_1_240' title='bbox 717 2710 798 2786; x_wconf 87' lang='lat' dir='ltr'><strong>pacis</strong></span> <span class='ocrx_word' id='word_1_241' title='bbox 818 2716 934 2787; x_wconf 87' lang='lat' dir='ltr'><strong>repeto.</strong></span> <span class='ocrx_word' id='word_1_242' title='bbox 957 2707 1073 2770; x_wconf 83' lang='lat' dir='ltr'><strong>Scilicet</strong></span> <span class='ocrx_word' id='word_1_243' title='bbox 1092 2710 1121 2760; x_wconf 86' lang='grc'><strong>17</strong></span> 
     </span>
     <span class='ocr_line' id='line_1_31' title="bbox 57 2791 1072 2874; baseline 0.002 -20"><span class='ocrx_word' id='word_1_244' title='bbox 57 2795 160 2874; x_wconf 76' lang='lat' dir='ltr'><strong>soquia</strong></span> <span class='ocrx_word' id='word_1_245' title='bbox 175 2810 234 2853; x_wconf 90' lang='lat' dir='ltr'><strong>nou</strong></span> <span class='ocrx_word' id='word_1_246' title='bbox 254 2791 337 2853; x_wconf 89' lang='lat' dir='ltr'><strong>aliter</strong></span> <span class='ocrx_word' id='word_1_247' title='bbox 357 2792 426 2853; x_wconf 82' lang='lat' dir='ltr'><strong>salvi</strong></span> <span class='ocrx_word' id='word_1_248' title='bbox 441 2796 568 2872; x_wconf 88' lang='lat' dir='ltr'><strong>satisque</strong></span> <span class='ocrx_word' id='word_1_249' title='bbox 581 2791 637 2852; x_wconf 92' lang='lat' dir='ltr'><strong>tuti</strong></span> <span class='ocrx_word' id='word_1_250' title='bbox 651 2792 681 2852; x_wconf 89' lang='lat' dir='ltr'><strong>in</strong></span> <span class='ocrx_word' id='word_1_251' title='bbox 690 2792 818 2872; x_wconf 85' lang='lat' dir='ltr'><strong>imperio</strong></span> <span class='ocrx_word' id='word_1_252' title='bbox 830 2794 918 2862; x_wconf 90' lang='lat' dir='ltr'><strong>oritis,</strong></span> <span class='ocrx_word' id='word_1_253' title='bbox 939 2793 996 2854; x_wconf 90' lang='lat' dir='ltr'><strong>uisi</strong></span> <span class='ocrx_word' id='word_1_254' title='bbox 1007 2795 1072 2856; x_wconf 81' lang='lat' dir='ltr'><strong>vet-</strong></span> 
     </span>
     <span class='ocr_line' id='line_1_32' title="bbox 91 2873 1071 2956; baseline -0.001 -18"><span class='ocrx_word' id='word_1_255' title='bbox 91 2880 149 2939; x_wconf 91' lang='lat' dir='ltr'><strong>tius</strong></span> <span class='ocrx_word' id='word_1_256' title='bbox 165 2877 271 2938; x_wconf 85' lang='lat' dir='ltr'><strong>Picens</strong></span> <span class='ocrx_word' id='word_1_257' title='bbox 286 2881 314 2936; x_wconf 91' lang='lat' dir='ltr'><strong>et</strong></span> <span class='ocrx_word' id='word_1_258' title='bbox 331 2875 427 2936; x_wconf 83' lang='lat' dir='ltr'><strong>scriba</strong></span> <span class='ocrx_word' id='word_1_259' title='bbox 442 2875 593 2936; x_wconf 83' lang='lat' dir='ltr'><strong>Cornelius</strong></span> <span class='ocrx_word' id='word_1_260' title='bbox 615 2873 708 2936; x_wconf 86' lang='lat' dir='ltr'><strong>aliena</strong></span> <span class='ocrx_word' id='word_1_261' title='bbox 725 2875 802 2937; x_wconf 89' lang='lat' dir='ltr'><strong>bene</strong></span> <span class='ocrx_word' id='word_1_262' title='bbox 823 2883 907 2955; x_wconf 89' lang='lat' dir='ltr'><strong>parta</strong></span> <span class='ocrx_word' id='word_1_263' title='bbox 927 2878 1071 2956; x_wconf 85' lang='lat' dir='ltr'><strong>prodege-</strong></span> 
     </span>
     <span class='ocr_line' id='line_1_33' title="bbox 90 2957 1072 3038; baseline 0 -16"><span class='ocrx_word' id='word_1_264' title='bbox 90 2964 167 3022; x_wconf 90' lang='lat' dir='ltr'><strong>rint:</strong></span> <span class='ocrx_word' id='word_1_265' title='bbox 197 2960 252 3020; x_wconf 92' lang='lat' dir='ltr'><strong>nisi</strong></span> <span class='ocrx_word' id='word_1_266' title='bbox 274 2957 469 3037; x_wconf 88' lang='lat' dir='ltr'><strong>adprobaritis</strong></span> <span class='ocrx_word' id='word_1_267' title='bbox 487 2976 589 3020; x_wconf 92' lang='lat' dir='ltr'><strong>omnes</strong></span> <span class='ocrx_word' id='word_1_268' title='bbox 618 2960 864 3038; x_wconf 82' lang='lat' dir='ltr'><strong>proscriptionem</strong></span> <span class='ocrx_word' id='word_1_269' title='bbox 885 2962 1072 3022; x_wconf 86' lang='lat' dir='ltr'><strong>innoxiorum</strong></span> 
     </span>
     <span class='ocr_line' id='line_1_34' title="bbox 93 3041 1072 3114; baseline -0.001 -10"><span class='ocrx_word' id='word_1_270' title='bbox 93 3044 130 3104; x_wconf 88' lang='lat' dir='ltr'><strong>ob</strong></span> <span class='ocrx_word' id='word_1_271' title='bbox 153 3044 280 3114; x_wconf 79' lang='lat' dir='ltr'><strong>diritius,</strong></span> <span class='ocrx_word' id='word_1_272' title='bbox 313 3043 458 3104; x_wconf 88' lang='lat' dir='ltr'><strong>eruciatus</strong></span> <span class='ocrx_word' id='word_1_273' title='bbox 479 3043 609 3102; x_wconf 84' lang='lat' dir='ltr'><strong>virorum</strong></span> <span class='ocrx_word' id='word_1_274' title='bbox 630 3041 805 3113; x_wconf 90' lang='lat' dir='ltr'><strong>inlustrium,</strong></span> <span class='ocrx_word' id='word_1_275' title='bbox 829 3051 939 3105; x_wconf 84' lang='lat' dir='ltr'><strong>vastam</strong></span> <span class='ocrx_word' id='word_1_276' title='bbox 966 3042 1072 3104; x_wconf 88' lang='lat' dir='ltr'><strong>urbem</strong></span> 
     </span>
    </p>
   </div>
   <div class='ocr_carea' id='block_1_3' title="bbox 56 3124 1123 3547">
    <p class='ocr_par' dir='ltr' id='par_1_3' title="bbox 56 3124 1123 3547">
     <span class='ocr_line' id='line_1_35' title="bbox 84 3124 1072 3207; baseline -0.002 -19"><span class='ocrx_word' id='word_1_277' title='bbox 84 3127 161 3206; x_wconf 76' lang='lat' dir='ltr'><strong>tuga</strong></span> <span class='ocrx_word' id='word_1_278' title='bbox 183 3134 212 3189; x_wconf 92' lang='lat' dir='ltr'><strong>et</strong></span> <span class='ocrx_word' id='word_1_279' title='bbox 233 3125 387 3196; x_wconf 84' lang='lat' dir='ltr'><strong>caedibus,</strong></span> <span class='ocrx_word' id='word_1_280' title='bbox 419 3124 497 3186; x_wconf 91' lang='lat' dir='ltr'><strong>bona</strong></span> <span class='ocrx_word' id='word_1_281' title='bbox 521 3125 626 3186; x_wconf 85' lang='lat' dir='ltr'><strong>civium</strong></span> <span class='ocrx_word' id='word_1_282' title='bbox 647 3127 823 3189; x_wconf 85' lang='lat' dir='ltr'><strong>miserorum</strong></span> <span class='ocrx_word' id='word_1_283' title='bbox 845 3129 928 3207; x_wconf 86' lang='lat' dir='ltr'><strong>quasi</strong></span> <span class='ocrx_word' id='word_1_284' title='bbox 949 3124 1072 3187; x_wconf 83' lang='lat' dir='ltr'><strong>Cimbri·</strong></span> 
     </span>
     <span class='ocr_line' id='line_1_36' title="bbox 56 3209 1123 3290; baseline -0.009 -16"><span class='ocrx_word' id='word_1_285' title='bbox 56 3230 157 3274; x_wconf 81' lang='lat' dir='ltr'><strong>sacam</strong></span> <span class='ocrx_word' id='word_1_286' title='bbox 185 3211 326 3290; x_wconf 89' lang='lat' dir='ltr'><strong>praedam</strong></span> <span class='ocrx_word' id='word_1_287' title='bbox 346 3226 471 3272; x_wconf 85' lang='lat' dir='ltr'><strong>vaenum</strong></span> <span class='ocrx_word' id='word_1_288' title='bbox 496 3215 546 3271; x_wconf 91' lang='lat' dir='ltr'><strong>aut</strong></span> <span class='ocrx_word' id='word_1_289' title='bbox 573 3209 650 3270; x_wconf 93' lang='lat' dir='ltr'><strong>dono</strong></span> <span class='ocrx_word' id='word_1_290' title='bbox 672 3209 778 3272; x_wconf 87' lang='lat' dir='ltr'><strong>datam.</strong></span> <span class='ocrx_word' id='word_1_291' title='bbox 803 3213 840 3271; x_wconf 79' lang='lat' dir='ltr'><strong>tt</strong></span> <span class='ocrx_word' id='word_1_292' title='bbox 859 3209 984 3271; x_wconf 85' lang='lat' dir='ltr'><strong>obiectat</strong></span> <span class='ocrx_word' id='word_1_293' title='bbox 1001 3210 1072 3271; x_wconf 87' lang='lat' dir='ltr'><strong>milri</strong></span> <span class='ocrx_word' id='word_1_294' title='bbox 1092 3213 1123 3265; x_wconf 81' lang='lat'><strong>18</strong></span> 
     </span>
     <span class='ocr_line' id='line_1_37' title="bbox 89 3293 1070 3376; baseline 0 -21"><span class='ocrx_word' id='word_1_295' title='bbox 89 3296 289 3374; x_wconf 91' lang='lat' dir='ltr'><strong>possessiones</strong></span> <span class='ocrx_word' id='word_1_296' title='bbox 312 3313 348 3357; x_wconf 85' lang='lat' dir='ltr'><strong>ex</strong></span> <span class='ocrx_word' id='word_1_297' title='bbox 363 3294 448 3355; x_wconf 90' lang='lat' dir='ltr'><strong>bonis</strong></span> <span class='ocrx_word' id='word_1_298' title='bbox 466 3295 717 3374; x_wconf 81' lang='lat' dir='ltr'><strong>proscriptorum:</strong></span> <span class='ocrx_word' id='word_1_299' title='bbox 740 3295 819 3376; x_wconf 91' lang='lat' dir='ltr'><strong>quod</strong></span> <span class='ocrx_word' id='word_1_300' title='bbox 841 3295 959 3374; x_wconf 92' lang='lat' dir='ltr'><strong>quidem</strong></span> <span class='ocrx_word' id='word_1_301' title='bbox 980 3293 1070 3355; x_wconf 88' lang='lat' dir='ltr'><strong>scele-</strong></span> 
     </span>
     <span class='ocr_line' id='line_1_38' title="bbox 89 3378 1071 3459; baseline 0 -19"><span class='ocrx_word' id='word_1_302' title='bbox 89 3396 156 3440; x_wconf 90' lang='lat' dir='ltr'><strong>rum</strong></span> <span class='ocrx_word' id='word_1_303' title='bbox 177 3378 253 3441; x_wconf 90' lang='lat' dir='ltr'><strong>illius</strong></span> <span class='ocrx_word' id='word_1_304' title='bbox 277 3378 323 3441; x_wconf 85' lang='lat' dir='ltr'><strong>vel</strong></span> <span class='ocrx_word' id='word_1_305' title='bbox 347 3397 517 3442; x_wconf 86' lang='lat' dir='ltr'><strong>maxumum</strong></span> <span class='ocrx_word' id='word_1_306' title='bbox 538 3385 596 3448; x_wconf 91' lang='lat' dir='ltr'><strong>est,</strong></span> <span class='ocrx_word' id='word_1_307' title='bbox 627 3396 688 3439; x_wconf 92' lang='lat' dir='ltr'><strong>non</strong></span> <span class='ocrx_word' id='word_1_308' title='bbox 709 3397 757 3441; x_wconf 89' lang='lat' dir='ltr'><strong>me</strong></span> <span class='ocrx_word' id='word_1_309' title='bbox 777 3396 875 3459; x_wconf 90' lang='lat' dir='ltr'><strong>neque</strong></span> <span class='ocrx_word' id='word_1_310' title='bbox 896 3396 1071 3459; x_wconf 88' lang='lat' dir='ltr'><strong>quemquam</strong></span> 
     </span>
     <span class='ocr_line' id='line_1_39' title="bbox 90 3463 1070 3547; baseline 0.002 -25"><span class='ocrx_word' id='word_1_311' title='bbox 90 3463 219 3524; x_wconf 89' lang='lat' dir='ltr'><strong>omnium</strong></span> <span class='ocrx_word' id='word_1_312' title='bbox 241 3465 308 3525; x_wconf 91' lang='lat' dir='ltr'><strong>satis</strong></span> <span class='ocrx_word' id='word_1_313' title='bbox 331 3471 425 3528; x_wconf 92' lang='lat' dir='ltr'><strong>tutum</strong></span> <span class='ocrx_word' id='word_1_314' title='bbox 446 3464 545 3536; x_wconf 84' lang='lat' dir='ltr'><strong>luisse,</strong></span> <span class='ocrx_word' id='word_1_315' title='bbox 564 3463 688 3526; x_wconf 88' lang='lat' dir='ltr'><strong>sirecte</strong></span> <span class='ocrx_word' id='word_1_316' title='bbox 709 3463 883 3527; x_wconf 84' lang='lat' dir='ltr'><strong>laceremus.</strong></span> <span class='ocrx_word' id='word_1_317' title='bbox 903 3463 998 3547; x_wconf 21' lang='lat' dir='ltr'><strong>Atqui,</strong></span> <span class='ocrx_word' id='word_1_318' title='bbox 1012 3463 1070 3535; x_wconf 88' lang='lat' dir='ltr'><strong>illa,</strong></span> 
     </span>
    </p>
   </div>
   <div class='ocr_carea' id='block_1_4' title="bbox 0 0 1224 3854">
    <p class='ocr_par' dir='ltr' id='par_1_4' title="bbox 0 0 1224 3854">
     <span class='ocr_line' id='line_1_40' title="bbox 0 0 1224 3854; baseline 0 0"><span class='ocrx_word' id='word_1_319' title='bbox 0 0 1224 3854; x_wconf 95' lang='lat' dir='ltr'><strong> </strong></span> 
     </span>
    </p>
   </div>
  </div>
 </body>
</html>
