<?xml version="1.0" encoding="UTF-8"?>
<!DOCTYPE html PUBLIC "-//W3C//DTD XHTML 1.0 Transitional//EN"
    "http://www.w3.org/TR/xhtml1/DTD/xhtml1-transitional.dtd">
<html xmlns="http://www.w3.org/1999/xhtml" xml:lang="en" lang="en">
 <head>
  <title>
</title>
<meta http-equiv="Content-Type" content="text/html;charset=utf-8" />
  <meta name='ocr-system' content='tesseract 3.04.00' />
  <meta name='ocr-capabilities' content='ocr_page ocr_carea ocr_par ocr_line ocrx_word'/>
</head>
<body>
  <div class='ocr_page' id='page_1' title='image "./libridecatilina02sallgoog_0051.png"; bbox 0 0 2422 3854; ppageno 0'>
   <div class='ocr_carea' id='block_1_1' title="bbox 103 205 1001 274">
    <p class='ocr_par' dir='ltr' id='par_1_1' title="bbox 103 205 1001 274">
     <span class='ocr_line' id='line_1_1' title="bbox 103 205 1001 274; baseline 0.002 -2"><span class='ocrx_word' id='word_1_1' title='bbox 103 205 107 210; x_wconf 73' lang='grc'><strong>’</strong></span> <span class='ocrx_word' id='word_1_2' title='bbox 138 210 179 272; x_wconf 80' lang='lat'><strong>32</strong></span> <span class='ocrx_word' id='word_1_3' title='bbox 252 229 295 270; x_wconf 83' lang='lat' dir='ltr'><strong>nn</strong></span> <span class='ocrx_word' id='word_1_4' title='bbox 317 227 490 272; x_wconf 75' lang='lat' dir='ltr'><strong>onnmmsn</strong></span> <span class='ocrx_word' id='word_1_5' title='bbox 512 227 752 272; x_wconf 74' lang='lat' dir='ltr'><strong>conmeanronn</strong></span> <span class='ocrx_word' id='word_1_6' title='bbox 775 227 804 273; x_wconf 89' lang='lat' dir='ltr'><strong>o.</strong></span> <span class='ocrx_word' id='word_1_7' title='bbox 826 219 871 274; x_wconf 77' lang='lat'><strong>63·</strong></span> <span class='ocrx_word' id='word_1_8' title='bbox 892 218 936 273; x_wconf 79' lang='lat' dir='ltr'><strong>ot.</strong></span> <span class='ocrx_word' id='word_1_9' title='bbox 956 219 1001 274; x_wconf 77' lang='lat'><strong>55.</strong></span> 
     </span>
    </p>
   </div>
   <div class='ocr_carea' id='block_1_2' title="bbox 108 374 1152 1293">
    <p class='ocr_par' dir='ltr' id='par_1_2' title="bbox 108 374 1152 1293">
     <span class='ocr_line' id='line_1_2' title="bbox 136 374 1117 455; baseline 0.002 -17"><span class='ocrx_word' id='word_1_10' title='bbox 136 375 286 438; x_wconf 82' lang='lat' dir='ltr'><strong>Romanus</strong></span> <span class='ocrx_word' id='word_1_11' title='bbox 307 376 386 437; x_wconf 89' lang='lat' dir='ltr'><strong>domi</strong></span> <span class='ocrx_word' id='word_1_12' title='bbox 399 374 588 453; x_wconf 85' lang='lat' dir='ltr'><strong>militiaeque,</strong></span> <span class='ocrx_word' id='word_1_13' title='bbox 611 377 685 437; x_wconf 88' lang='lat' dir='ltr'><strong>mari</strong></span> <span class='ocrx_word' id='word_1_14' title='bbox 701 383 787 455; x_wconf 86' lang='lat' dir='ltr'><strong>atque</strong></span> <span class='ocrx_word' id='word_1_15' title='bbox 803 383 883 436; x_wconf 90' lang='lat' dir='ltr'><strong>terra</strong></span> <span class='ocrx_word' id='word_1_16' title='bbox 902 376 1055 453; x_wconf 83' lang='lat' dir='ltr'><strong>praeclara</strong></span> <span class='ocrx_word' id='word_1_17' title='bbox 1074 378 1117 441; x_wconf 85' lang='lat' dir='ltr'><strong>ia·</strong></span> 
     </span>
     <span class='ocr_line' id='line_1_3' title="bbox 137 457 1117 538; baseline 0.003 -17"><span class='ocrx_word' id='word_1_18' title='bbox 137 461 236 521; x_wconf 79' lang='lat' dir='ltr'><strong>cincre</strong></span> <span class='ocrx_word' id='word_1_19' title='bbox 251 459 329 529; x_wconf 86' lang='lat' dir='ltr'><strong>iecit,</strong></span> <span class='ocrx_word' id='word_1_20' title='bbox 346 459 422 519; x_wconf 84' lang='lat' dir='ltr'><strong>torte</strong></span> <span class='ocrx_word' id='word_1_21' title='bbox 435 457 531 520; x_wconf 82' lang='lat' dir='ltr'><strong>lubuit</strong></span> <span class='ocrx_word' id='word_1_22' title='bbox 543 458 712 530; x_wconf 76' lang='lat' dir='ltr'><strong>adtendere,</strong></span> <span class='ocrx_word' id='word_1_23' title='bbox 726 477 802 538; x_wconf 81' lang='lat' dir='ltr'><strong>quaa</strong></span> <span class='ocrx_word' id='word_1_24' title='bbox 818 476 868 520; x_wconf 90' lang='lat' dir='ltr'><strong>res</strong></span> <span class='ocrx_word' id='word_1_25' title='bbox 883 476 1022 522; x_wconf 81' lang='lat' dir='ltr'><strong>maxume</strong></span> <span class='ocrx_word' id='word_1_26' title='bbox 1035 469 1117 524; x_wconf 73' lang='lat' dir='ltr'><strong>mnia</strong></span> 
     </span>
     <span class='ocr_line' id='line_1_4' title="bbox 110 542 1116 622; baseline 0.003 -19"><span class='ocrx_word' id='word_1_27' title='bbox 110 544 252 621; x_wconf 75' lang='lat' dir='ltr'><strong>ansgotia</strong></span> <span class='ocrx_word' id='word_1_28' title='bbox 265 542 456 603; x_wconf 60' lang='lat' dir='ltr'><strong>sarstummet.</strong></span> <span class='ocrx_word' id='word_1_29' title='bbox 475 542 610 604; x_wconf 83' lang='lat' dir='ltr'><strong>Sciebam</strong></span> <span class='ocrx_word' id='word_1_30' title='bbox 624 559 836 621; x_wconf 76' lang='lat' dir='ltr'><strong>saepenumero</strong></span> <span class='ocrx_word' id='word_1_31' title='bbox 845 559 936 622; x_wconf 81' lang='lat' dir='ltr'><strong>parva</strong></span> <span class='ocrx_word' id='word_1_32' title='bbox 947 561 1036 606; x_wconf 85' lang='lat' dir='ltr'><strong>manu</strong></span> <span class='ocrx_word' id='word_1_33' title='bbox 1048 563 1116 608; x_wconf 90' lang='lat' dir='ltr'><strong>cum</strong></span> 
     </span>
     <span class='ocr_line' id='line_1_5' title="bbox 135 623 1117 707; baseline 0.005 -23"><span class='ocrx_word' id='word_1_34' title='bbox 135 625 250 702; x_wconf 87' lang='lat' dir='ltr'><strong>maguis</strong></span> <span class='ocrx_word' id='word_1_35' title='bbox 264 623 429 702; x_wconf 73' lang='lat' dir='ltr'><strong>legionibus</strong></span> <span class='ocrx_word' id='word_1_36' title='bbox 445 625 574 687; x_wconf 85' lang='lat' dir='ltr'><strong>hostium</strong></span> <span class='ocrx_word' id='word_1_37' title='bbox 590 627 786 698; x_wconf 75' lang='lat' dir='ltr'><strong>contendisse,</strong></span> <span class='ocrx_word' id='word_1_38' title='bbox 809 640 1006 704; x_wconf 79' lang='lat' dir='ltr'><strong>cognoveram</strong></span> <span class='ocrx_word' id='word_1_39' title='bbox 1019 632 1117 707; x_wconf 81' lang='lat' dir='ltr'><strong>parcis</strong></span> 
     </span>
     <span class='ocr_line' id='line_1_6' title="bbox 136 707 1137 791; baseline 0.006 -22"><span class='ocrx_word' id='word_1_40' title='bbox 136 710 227 787; x_wconf 84' lang='lat' dir='ltr'><strong>copiis</strong></span> <span class='ocrx_word' id='word_1_41' title='bbox 246 707 323 769; x_wconf 81' lang='lat' dir='ltr'><strong>bella</strong></span> <span class='ocrx_word' id='word_1_42' title='bbox 338 715 418 786; x_wconf 78' lang='lat' dir='ltr'><strong>gesta</strong></span> <span class='ocrx_word' id='word_1_43' title='bbox 436 725 504 770; x_wconf 92' lang='lat' dir='ltr'><strong>cum</strong></span> <span class='ocrx_word' id='word_1_44' title='bbox 518 709 664 788; x_wconf 89' lang='lat' dir='ltr'><strong>opulentis</strong></span> <span class='ocrx_word' id='word_1_45' title='bbox 677 709 810 788; x_wconf 81' lang='lat' dir='ltr'><strong>regibus,</strong></span> <span class='ocrx_word' id='word_1_46' title='bbox 828 709 935 772; x_wconf 87' lang='lat' dir='ltr'><strong>adhoc</strong></span> <span class='ocrx_word' id='word_1_47' title='bbox 949 729 1037 791; x_wconf 86' lang='lat' dir='ltr'><strong>saepe</strong></span> <span class='ocrx_word' id='word_1_48' title='bbox 1052 713 1137 775; x_wconf 85' lang='lat' dir='ltr'><strong>ior-s</strong></span> 
     </span>
     <span class='ocr_line' id='line_1_7' title="bbox 136 791 1116 872; baseline 0.005 -20"><span class='ocrx_word' id='word_1_49' title='bbox 136 800 226 852; x_wconf 88' lang='lat' dir='ltr'><strong>tunae</strong></span> <span class='ocrx_word' id='word_1_50' title='bbox 243 791 408 852; x_wconf 85' lang='lat' dir='ltr'><strong>violentiam</strong></span> <span class='ocrx_word' id='word_1_51' title='bbox 427 791 610 862; x_wconf 81' lang='lat' dir='ltr'><strong>toleravisse,</strong></span> <span class='ocrx_word' id='word_1_52' title='bbox 634 794 770 855; x_wconf 81' lang='lat' dir='ltr'><strong>facundia</strong></span> <span class='ocrx_word' id='word_1_53' title='bbox 787 794 915 854; x_wconf 85' lang='lat' dir='ltr'><strong>Graecos</strong></span> <span class='ocrx_word' id='word_1_54' title='bbox 935 795 1028 872; x_wconf 89' lang='lat' dir='ltr'><strong>gloria</strong></span> <span class='ocrx_word' id='word_1_55' title='bbox 1044 794 1116 857; x_wconf 84' lang='lat' dir='ltr'><strong>belli</strong></span> 
     </span>
     <span class='ocr_line' id='line_1_8' title="bbox 108 873 1115 955; baseline 0.002 -16"><span class='ocrx_word' id='word_1_56' title='bbox 108 873 234 939; x_wconf 78' lang='lat' dir='ltr'><strong>4Gallos</strong></span> <span class='ocrx_word' id='word_1_57' title='bbox 251 881 317 936; x_wconf 82' lang='lat' dir='ltr'><strong>anta</strong></span> <span class='ocrx_word' id='word_1_58' title='bbox 329 873 478 935; x_wconf 82' lang='lat' dir='ltr'><strong>Romanos</strong></span> <span class='ocrx_word' id='word_1_59' title='bbox 493 876 592 937; x_wconf 78' lang='grc'><strong>111111.</strong></span> <span class='ocrx_word' id='word_1_60' title='bbox 621 876 663 936; x_wconf 81' lang='lat' dir='ltr'><strong>Ac</strong></span> <span class='ocrx_word' id='word_1_61' title='bbox 677 877 748 937; x_wconf 86' lang='lat' dir='ltr'><strong>milri</strong></span> <span class='ocrx_word' id='word_1_62' title='bbox 765 877 856 938; x_wconf 83' lang='lat' dir='ltr'><strong>multa</strong></span> <span class='ocrx_word' id='word_1_63' title='bbox 872 878 990 955; x_wconf 72' lang='lat' dir='ltr'><strong>agitanti</strong></span> <span class='ocrx_word' id='word_1_64' title='bbox 1002 886 1115 941; x_wconf 88' lang='lat' dir='ltr'><strong>consta·</strong></span> 
     </span>
     <span class='ocr_line' id='line_1_9' title="bbox 135 957 1114 1040; baseline 0.007 -22"><span class='ocrx_word' id='word_1_65' title='bbox 135 957 185 1018; x_wconf 78' lang='grc'><strong>1111</strong></span> <span class='ocrx_word' id='word_1_66' title='bbox 199 974 362 1036; x_wconf 79' lang='lat' dir='ltr'><strong>paucorann</strong></span> <span class='ocrx_word' id='word_1_67' title='bbox 377 960 481 1019; x_wconf 85' lang='lat' dir='ltr'><strong>oirinm</strong></span> <span class='ocrx_word' id='word_1_68' title='bbox 497 960 645 1037; x_wconf 66' lang='grc'><strong>1311111111</strong></span> <span class='ocrx_word' id='word_1_69' title='bbox 665 961 802 1022; x_wconf 79' lang='lat' dir='ltr'><strong>virtutem</strong></span> <span class='ocrx_word' id='word_1_70' title='bbox 824 966 929 1023; x_wconf 86' lang='lat' dir='ltr'><strong>cuncta</strong></span> <span class='ocrx_word' id='word_1_71' title='bbox 945 964 1114 1040; x_wconf 76' lang='lat' dir='ltr'><strong>patravisse,</strong></span> 
     </span>
     <span class='ocr_line' id='line_1_10' title="bbox 136 1041 1117 1122; baseline 0.005 -20"><span class='ocrx_word' id='word_1_72' title='bbox 136 1059 230 1121; x_wconf 90' lang='lat' dir='ltr'><strong>eoque</strong></span> <span class='ocrx_word' id='word_1_73' title='bbox 251 1041 360 1102; x_wconf 86' lang='lat' dir='ltr'><strong>lactum</strong></span> <span class='ocrx_word' id='word_1_74' title='bbox 380 1043 425 1102; x_wconf 90' lang='lat' dir='ltr'><strong>uti</strong></span> <span class='ocrx_word' id='word_1_75' title='bbox 441 1041 552 1102; x_wconf 84' lang='lat' dir='ltr'><strong>divitias</strong></span> <span class='ocrx_word' id='word_1_76' title='bbox 572 1049 738 1120; x_wconf 81' lang='lat' dir='ltr'><strong>paupertas,</strong></span> <span class='ocrx_word' id='word_1_77' title='bbox 756 1043 972 1106; x_wconf 86' lang='lat' dir='ltr'><strong>multitudinem</strong></span> <span class='ocrx_word' id='word_1_78' title='bbox 985 1048 1117 1122; x_wconf 88' lang='lat' dir='ltr'><strong>paucitas</strong></span> 
     </span>
     <span class='ocr_line' id='line_1_11' title="bbox 108 1123 1152 1206; baseline 0.001 -16"><span class='ocrx_word' id='word_1_79' title='bbox 108 1131 297 1203; x_wconf 80' lang='lat' dir='ltr'><strong>tsuperaret.</strong></span> <span class='ocrx_word' id='word_1_80' title='bbox 341 1123 392 1184; x_wconf 88' lang='lat' dir='ltr'><strong>Set</strong></span> <span class='ocrx_word' id='word_1_81' title='bbox 415 1131 570 1204; x_wconf 85' lang='lat' dir='ltr'><strong>postquam</strong></span> <span class='ocrx_word' id='word_1_82' title='bbox 590 1124 662 1186; x_wconf 82' lang='lat' dir='ltr'><strong>luxu</strong></span> <span class='ocrx_word' id='word_1_83' title='bbox 682 1127 901 1206; x_wconf 87' lang='lat' dir='ltr'><strong>atquedesidia</strong></span> <span class='ocrx_word' id='word_1_84' title='bbox 923 1129 1022 1189; x_wconf 89' lang='lat' dir='ltr'><strong>civitas</strong></span> <span class='ocrx_word' id='word_1_85' title='bbox 1044 1146 1152 1192; x_wconf 83' lang='lat' dir='ltr'><strong>con-io</strong></span> 
     </span>
     <span class='ocr_line' id='line_1_12' title="bbox 130 1207 1115 1293; baseline 0.002 -23"><span class='ocrx_word' id='word_1_86' title='bbox 130 1217 219 1288; x_wconf 89' lang='lat' dir='ltr'><strong>rupta</strong></span> <span class='ocrx_word' id='word_1_87' title='bbox 234 1215 291 1278; x_wconf 90' lang='lat' dir='ltr'><strong>est,</strong></span> <span class='ocrx_word' id='word_1_88' title='bbox 307 1224 410 1268; x_wconf 86' lang='lat' dir='ltr'><strong>rmsns</strong></span> <span class='ocrx_word' id='word_1_89' title='bbox 424 1225 473 1268; x_wconf 91' lang='lat' dir='ltr'><strong>res</strong></span> <span class='ocrx_word' id='word_1_90' title='bbox 486 1207 605 1286; x_wconf 91' lang='lat' dir='ltr'><strong>publica</strong></span> <span class='ocrx_word' id='word_1_91' title='bbox 619 1211 821 1288; x_wconf 74' lang='lat' dir='ltr'><strong>magnitudine</strong></span> <span class='ocrx_word' id='word_1_92' title='bbox 834 1232 888 1276; x_wconf 83' lang='lat' dir='ltr'><strong>sua</strong></span> <span class='ocrx_word' id='word_1_93' title='bbox 901 1214 1115 1293; x_wconf 84' lang='lat' dir='ltr'><strong>imperatorum</strong></span> 
     </span>
    </p>
   </div>
   <div class='ocr_carea' id='block_1_3' title="bbox 130 1290 1118 1453">
    <p class='ocr_par' dir='ltr' id='par_1_3' title="bbox 130 1290 1118 1453">
     <span class='ocr_line' id='line_1_13' title="bbox 130 1290 1118 1368; baseline 0.005 -15"><span class='ocrx_word' id='word_1_94' title='bbox 130 1301 218 1368; x_wconf 84' lang='lat' dir='ltr'><strong>atque</strong></span> <span class='ocrx_word' id='word_1_95' title='bbox 237 1290 462 1367; x_wconf 79' lang='lat' dir='ltr'><strong>magisuatuum</strong></span> <span class='ocrx_word' id='word_1_96' title='bbox 483 1293 552 1352; x_wconf 85' lang='lat' dir='ltr'><strong>vitia</strong></span> <span class='ocrx_word' id='word_1_97' title='bbox 579 1293 768 1365; x_wconf 80' lang='lat' dir='ltr'><strong>sustentabat,</strong></span> <span class='ocrx_word' id='word_1_98' title='bbox 789 1314 838 1367; x_wconf 91' lang='lat' dir='ltr'><strong>ac,</strong></span> <span class='ocrx_word' id='word_1_99' title='bbox 866 1297 953 1358; x_wconf 90' lang='lat' dir='ltr'><strong>sicuti</strong></span> <span class='ocrx_word' id='word_1_100' title='bbox 978 1295 1064 1355; x_wconf 81' lang='lat' dir='ltr'><strong>edeta</strong></span> <span class='ocrx_word' id='word_1_101' title='bbox 1085 1298 1118 1358; x_wconf 80' lang='lat' dir='ltr'><strong>vi</strong></span> 
     </span>
     <span class='ocr_line' id='line_1_14' title="bbox 133 1371 1110 1453; baseline -0.001 -19"><span class='ocrx_word' id='word_1_102' title='bbox 133 1379 298 1452; x_wconf 86' lang='lat' dir='ltr'><strong>parentum,</strong></span> <span class='ocrx_word' id='word_1_103' title='bbox 317 1371 416 1432; x_wconf 89' lang='lat' dir='ltr'><strong>multis</strong></span> <span class='ocrx_word' id='word_1_104' title='bbox 430 1373 652 1450; x_wconf 79' lang='lat' dir='ltr'><strong>tempestatibus</strong></span> <span class='ocrx_word' id='word_1_105' title='bbox 665 1373 736 1434; x_wconf 85' lang='lat' dir='ltr'><strong>haut</strong></span> <span class='ocrx_word' id='word_1_106' title='bbox 751 1391 820 1436; x_wconf 87' lang='lat' dir='ltr'><strong>sane</strong></span> <span class='ocrx_word' id='word_1_107' title='bbox 834 1374 987 1453; x_wconf 90' lang='lat' dir='ltr'><strong>quisquam</strong></span> <span class='ocrx_word' id='word_1_108' title='bbox 997 1371 1110 1433; x_wconf 84' lang='lat' dir='ltr'><strong>Romae</strong></span> 
     </span>
    </p>
   </div>
   <div class='ocr_carea' id='block_1_4' title="bbox 84 1454 1166 3544">
    <p class='ocr_par' dir='ltr' id='par_1_4' title="bbox 104 1454 1144 1784">
     <span class='ocr_line' id='line_1_15' title="bbox 104 1454 1108 1535; baseline -0.006 -15"><span class='ocrx_word' id='word_1_109' title='bbox 104 1458 239 1520; x_wconf 80' lang='lat' dir='ltr'><strong>onuute</strong></span> <span class='ocrx_word' id='word_1_110' title='bbox 257 1472 381 1532; x_wconf 87' lang='lat' dir='ltr'><strong>magnus</strong></span> <span class='ocrx_word' id='word_1_111' title='bbox 393 1454 457 1516; x_wconf 88' lang='lat' dir='ltr'><strong>fuit.</strong></span> <span class='ocrx_word' id='word_1_112' title='bbox 491 1455 542 1516; x_wconf 91' lang='lat' dir='ltr'><strong>Set</strong></span> <span class='ocrx_word' id='word_1_113' title='bbox 558 1457 697 1517; x_wconf 85' lang='lat' dir='ltr'><strong>memoria</strong></span> <span class='ocrx_word' id='word_1_114' title='bbox 712 1474 777 1517; x_wconf 91' lang='lat' dir='ltr'><strong>mea</strong></span> <span class='ocrx_word' id='word_1_115' title='bbox 795 1455 905 1535; x_wconf 87' lang='lat' dir='ltr'><strong>ingenti</strong></span> <span class='ocrx_word' id='word_1_116' title='bbox 926 1456 1042 1525; x_wconf 85' lang='lat' dir='ltr'><strong>virtute,</strong></span> <span class='ocrx_word' id='word_1_117' title='bbox 1065 1455 1108 1515; x_wconf 92' lang='lat' dir='ltr'><strong>di·</strong></span> 
     </span>
     <span class='ocr_line' id='line_1_16' title="bbox 132 1535 1144 1609; baseline 0 -9"><span class='ocrx_word' id='word_1_118' title='bbox 132 1541 226 1601; x_wconf 84' lang='lat' dir='ltr'><strong>vorsis</strong></span> <span class='ocrx_word' id='word_1_119' title='bbox 240 1539 372 1601; x_wconf 87' lang='lat' dir='ltr'><strong>moribus</strong></span> <span class='ocrx_word' id='word_1_120' title='bbox 386 1538 471 1600; x_wconf 81' lang='lat' dir='ltr'><strong>luere</strong></span> <span class='ocrx_word' id='word_1_121' title='bbox 491 1540 545 1599; x_wconf 83' lang='lat' dir='ltr'><strong>viri</strong></span> <span class='ocrx_word' id='word_1_122' title='bbox 559 1539 629 1609; x_wconf 91' lang='lat' dir='ltr'><strong>duo,</strong></span> <span class='ocrx_word' id='word_1_123' title='bbox 647 1539 684 1600; x_wconf 87' lang='lat' dir='ltr'><strong>ll.</strong></span> <span class='ocrx_word' id='word_1_124' title='bbox 702 1538 772 1600; x_wconf 88' lang='lat' dir='ltr'><strong>Cato</strong></span> <span class='ocrx_word' id='word_1_125' title='bbox 790 1546 819 1600; x_wconf 94' lang='lat' dir='ltr'><strong>et</strong></span> <span class='ocrx_word' id='word_1_126' title='bbox 833 1540 868 1599; x_wconf 84' lang='lat' dir='ltr'><strong>G.</strong></span> <span class='ocrx_word' id='word_1_127' title='bbox 885 1535 1001 1597; x_wconf 86' lang='lat' dir='ltr'><strong>Caesar.</strong></span> <span class='ocrx_word' id='word_1_128' title='bbox 1031 1538 1111 1608; x_wconf 83' lang='lat' dir='ltr'><strong>Quos</strong></span> <span class='ocrx_word' id='word_1_129' title='bbox 1119 1560 1144 1603; x_wconf 85' lang='lat' dir='ltr'><strong>u</strong></span> 
     </span>
     <span class='ocr_line' id='line_1_17' title="bbox 133 1619 1110 1702; baseline -0.001 -19"><span class='ocrx_word' id='word_1_130' title='bbox 133 1625 270 1702; x_wconf 88' lang='lat' dir='ltr'><strong>quoniam</strong></span> <span class='ocrx_word' id='word_1_131' title='bbox 281 1640 330 1683; x_wconf 89' lang='lat' dir='ltr'><strong>res</strong></span> <span class='ocrx_word' id='word_1_132' title='bbox 342 1621 496 1692; x_wconf 77' lang='lat' dir='ltr'><strong>obtuderat,</strong></span> <span class='ocrx_word' id='word_1_133' title='bbox 513 1621 627 1683; x_wconf 84' lang='lat' dir='ltr'><strong>silentio</strong></span> <span class='ocrx_word' id='word_1_134' title='bbox 636 1622 797 1701; x_wconf 88' lang='lat' dir='ltr'><strong>praeterire</strong></span> <span class='ocrx_word' id='word_1_135' title='bbox 810 1639 870 1682; x_wconf 93' lang='lat' dir='ltr'><strong>non</strong></span> <span class='ocrx_word' id='word_1_136' title='bbox 878 1620 933 1679; x_wconf 85' lang='lat' dir='ltr'><strong>fuit</strong></span> <span class='ocrx_word' id='word_1_137' title='bbox 947 1619 1110 1691; x_wconf 90' lang='lat' dir='ltr'><strong>consilium,</strong></span> 
     </span>
     <span class='ocr_line' id='line_1_18' title="bbox 133 1703 1110 1784; baseline -0.004 -17"><span class='ocrx_word' id='word_1_138' title='bbox 133 1706 204 1784; x_wconf 91' lang='lat' dir='ltr'><strong>quin</strong></span> <span class='ocrx_word' id='word_1_139' title='bbox 218 1707 370 1783; x_wconf 88' lang='lat' dir='ltr'><strong>utriusque</strong></span> <span class='ocrx_word' id='word_1_140' title='bbox 385 1714 521 1767; x_wconf 87' lang='lat' dir='ltr'><strong>naturam</strong></span> <span class='ocrx_word' id='word_1_141' title='bbox 535 1713 563 1766; x_wconf 92' lang='lat' dir='ltr'><strong>et</strong></span> <span class='ocrx_word' id='word_1_142' title='bbox 576 1722 683 1777; x_wconf 87' lang='lat' dir='ltr'><strong>mores,</strong></span> <span class='ocrx_word' id='word_1_143' title='bbox 696 1711 837 1783; x_wconf 89' lang='lat' dir='ltr'><strong>quantum</strong></span> <span class='ocrx_word' id='word_1_144' title='bbox 851 1703 969 1782; x_wconf 85' lang='lat' dir='ltr'><strong>ingenio</strong></span> <span class='ocrx_word' id='word_1_145' title='bbox 982 1720 1110 1782; x_wconf 90' lang='lat' dir='ltr'><strong>possem,</strong></span> 
     </span>
    </p>

    <p class='ocr_par' dir='ltr' id='par_1_5' title="bbox 133 1807 289 1851">
     <span class='ocr_line' id='line_1_19' title="bbox 133 1807 289 1851; baseline -0.019 0"><span class='ocrx_word' id='word_1_146' title='bbox 133 1807 151 1851; x_wconf 91' lang='lat' dir='ltr'><strong>a</strong></span> <span class='ocrx_word' id='word_1_147' title='bbox 172 1807 289 1850; x_wconf 87' lang='lat' dir='ltr'><strong>omrem.</strong></span> 
     </span>
    </p>

    <p class='ocr_par' dir='ltr' id='par_1_6' title="bbox 84 1806 1147 2189">
     <span class='ocr_line' id='line_1_20' title="bbox 84 1806 1111 1952; baseline 0.001 -21"><span class='ocrx_word' id='word_1_148' title='bbox 84 1871 124 1932; x_wconf 77' lang='lat'><strong>54</strong></span> <span class='ocrx_word' id='word_1_149' title='bbox 151 1806 170 1870; x_wconf 71' lang='lat' dir='ltr'>p</span> <span class='ocrx_word' id='word_1_150' title='bbox 216 1872 309 1950; x_wconf 81' lang='lat' dir='ltr'><strong>Igitur</strong></span> <span class='ocrx_word' id='word_1_151' title='bbox 324 1874 366 1934; x_wconf 91' lang='lat' dir='ltr'><strong>eis</strong></span> <span class='ocrx_word' id='word_1_152' title='bbox 381 1889 474 1951; x_wconf 85' lang='lat' dir='ltr'><strong>genus</strong></span> <span class='ocrx_word' id='word_1_153' title='bbox 490 1880 568 1934; x_wconf 84' lang='lat' dir='ltr'><strong>aetas</strong></span> <span class='ocrx_word' id='word_1_154' title='bbox 586 1871 751 1952; x_wconf 87' lang='lat' dir='ltr'><strong>eloquentia</strong></span> <span class='ocrx_word' id='word_1_155' title='bbox 765 1889 858 1950; x_wconf 89' lang='lat' dir='ltr'><strong>prope</strong></span> <span class='ocrx_word' id='word_1_156' title='bbox 873 1869 1004 1950; x_wconf 87' lang='lat' dir='ltr'><strong>aequalia</strong></span> <span class='ocrx_word' id='word_1_157' title='bbox 1019 1871 1111 1940; x_wconf 87' lang='lat' dir='ltr'><strong>luere,</strong></span> 
     </span>
     <span class='ocr_line' id='line_1_21' title="bbox 107 1953 1147 2035; baseline -0.001 -19"><span class='ocrx_word' id='word_1_158' title='bbox 107 1956 302 2034; x_wconf 80' lang='lat' dir='ltr'><strong>amagnitudo</strong></span> <span class='ocrx_word' id='word_1_159' title='bbox 318 1957 406 2018; x_wconf 89' lang='lat' dir='ltr'><strong>animi</strong></span> <span class='ocrx_word' id='word_1_160' title='bbox 420 1974 484 2035; x_wconf 90' lang='lat' dir='ltr'><strong>par,</strong></span> <span class='ocrx_word' id='word_1_161' title='bbox 505 1958 576 2017; x_wconf 85' lang='lat' dir='ltr'><strong>item</strong></span> <span class='ocrx_word' id='word_1_162' title='bbox 596 1955 697 2035; x_wconf 85' lang='lat' dir='ltr'><strong>gloria,</strong></span> <span class='ocrx_word' id='word_1_163' title='bbox 719 1963 764 2017; x_wconf 90' lang='lat' dir='ltr'><strong>set</strong></span> <span class='ocrx_word' id='word_1_164' title='bbox 783 1954 839 2016; x_wconf 88' lang='lat' dir='ltr'><strong>alia</strong></span> <span class='ocrx_word' id='word_1_165' title='bbox 853 1954 909 2017; x_wconf 84' lang='lat' dir='ltr'><strong>alii.</strong></span> <span class='ocrx_word' id='word_1_166' title='bbox 941 1953 1047 2015; x_wconf 83' lang='lat' dir='ltr'><strong>Caesar</strong></span> <span class='ocrx_word' id='word_1_167' title='bbox 1060 1953 1147 2020; x_wconf 77' lang='lat' dir='ltr'><strong>heae</strong></span> 
     </span>
     <span class='ocr_line' id='line_1_22' title="bbox 132 2038 1114 2118; baseline -0.001 -18"><span class='ocrx_word' id='word_1_168' title='bbox 132 2040 235 2100; x_wconf 85' lang='lat' dir='ltr'><strong>nidciis</strong></span> <span class='ocrx_word' id='word_1_169' title='bbox 252 2057 287 2100; x_wconf 79' lang='lat' dir='ltr'><strong>ac</strong></span> <span class='ocrx_word' id='word_1_170' title='bbox 300 2039 497 2100; x_wconf 84' lang='lat' dir='ltr'><strong>munificentia</strong></span> <span class='ocrx_word' id='word_1_171' title='bbox 517 2056 641 2118; x_wconf 83' lang='lat' dir='ltr'><strong>magnus</strong></span> <span class='ocrx_word' id='word_1_172' title='bbox 661 2038 840 2107; x_wconf 84' lang='lat' dir='ltr'><strong>habebatur,</strong></span> <span class='ocrx_word' id='word_1_173' title='bbox 860 2039 1026 2115; x_wconf 86' lang='lat' dir='ltr'><strong>integritate</strong></span> <span class='ocrx_word' id='word_1_174' title='bbox 1038 2038 1114 2099; x_wconf 81' lang='lat' dir='ltr'><strong>ritae</strong></span> 
     </span>
     <span class='ocr_line' id='line_1_23' title="bbox 133 2120 1114 2189; baseline 0.001 -7"><span class='ocrx_word' id='word_1_175' title='bbox 133 2122 213 2183; x_wconf 85' lang='lat' dir='ltr'><strong>Cato.</strong></span> <span class='ocrx_word' id='word_1_176' title='bbox 235 2121 286 2183; x_wconf 88' lang='lat' dir='ltr'><strong>llle</strong></span> <span class='ocrx_word' id='word_1_177' title='bbox 299 2122 521 2185; x_wconf 70' lang='lat' dir='ltr'><strong>mansuetudine</strong></span> <span class='ocrx_word' id='word_1_178' title='bbox 538 2131 567 2184; x_wconf 91' lang='lat' dir='ltr'><strong>et</strong></span> <span class='ocrx_word' id='word_1_179' title='bbox 587 2123 786 2185; x_wconf 86' lang='lat' dir='ltr'><strong>misericordia</strong></span> <span class='ocrx_word' id='word_1_180' title='bbox 803 2121 899 2183; x_wconf 84' lang='lat' dir='ltr'><strong>clarus</strong></span> <span class='ocrx_word' id='word_1_181' title='bbox 913 2122 1023 2189; x_wconf 86' lang='lat' dir='ltr'><strong>lactus,</strong></span> <span class='ocrx_word' id='word_1_182' title='bbox 1044 2120 1114 2183; x_wconf 90' lang='lat' dir='ltr'><strong>huic</strong></span> 
     </span>
    </p>

    <p class='ocr_par' dir='ltr' id='par_1_7' title="bbox 107 2203 1146 2454">
     <span class='ocr_line' id='line_1_24' title="bbox 107 2203 1113 2284; baseline -0.002 -19"><span class='ocrx_word' id='word_1_183' title='bbox 107 2206 272 2266; x_wconf 71' lang='lat' dir='ltr'><strong>saeveritas</strong></span> <span class='ocrx_word' id='word_1_184' title='bbox 293 2207 463 2284; x_wconf 85' lang='lat' dir='ltr'><strong>dignitatem</strong></span> <span class='ocrx_word' id='word_1_185' title='bbox 482 2207 642 2269; x_wconf 86' lang='lat' dir='ltr'><strong>addiderat.</strong></span> <span class='ocrx_word' id='word_1_186' title='bbox 693 2205 798 2268; x_wconf 83' lang='lat' dir='ltr'><strong>Caesar</strong></span> <span class='ocrx_word' id='word_1_187' title='bbox 817 2205 913 2267; x_wconf 86' lang='lat' dir='ltr'><strong>dendo</strong></span> <span class='ocrx_word' id='word_1_188' title='bbox 933 2203 1113 2265; x_wconf 74' lang='lat' dir='ltr'><strong>sublevando</strong></span> 
     </span>
     <span class='ocr_line' id='line_1_25' title="bbox 132 2286 1112 2370; baseline -0.004 -20"><span class='ocrx_word' id='word_1_189' title='bbox 132 2288 329 2367; x_wconf 78' lang='lat' dir='ltr'><strong>ignoscundo,</strong></span> <span class='ocrx_word' id='word_1_190' title='bbox 349 2289 418 2352; x_wconf 84' lang='lat' dir='ltr'><strong>Cato</strong></span> <span class='ocrx_word' id='word_1_191' title='bbox 435 2291 508 2352; x_wconf 89' lang='lat' dir='ltr'><strong>nihil</strong></span> <span class='ocrx_word' id='word_1_192' title='bbox 523 2290 676 2370; x_wconf 86' lang='lat' dir='ltr'><strong>largiundo</strong></span> <span class='ocrx_word' id='word_1_193' title='bbox 696 2289 820 2370; x_wconf 84' lang='lat' dir='ltr'><strong>gloriam</strong></span> <span class='ocrx_word' id='word_1_194' title='bbox 837 2289 960 2368; x_wconf 89' lang='lat' dir='ltr'><strong>adeptus</strong></span> <span class='ocrx_word' id='word_1_195' title='bbox 981 2294 1034 2349; x_wconf 88' lang='lat' dir='ltr'><strong>est.</strong></span> <span class='ocrx_word' id='word_1_196' title='bbox 1079 2286 1112 2347; x_wconf 92' lang='lat' dir='ltr'><strong>ln</strong></span> 
     </span>
     <span class='ocr_line' id='line_1_26' title="bbox 133 2369 1146 2454; baseline -0.004 -21"><span class='ocrx_word' id='word_1_197' title='bbox 133 2372 224 2434; x_wconf 88' lang='lat' dir='ltr'><strong>altero</strong></span> <span class='ocrx_word' id='word_1_198' title='bbox 235 2374 350 2436; x_wconf 91' lang='lat' dir='ltr'><strong>miseris</strong></span> <span class='ocrx_word' id='word_1_199' title='bbox 359 2375 528 2454; x_wconf 76' lang='lat' dir='ltr'><strong>perfugium</strong></span> <span class='ocrx_word' id='word_1_200' title='bbox 539 2383 610 2446; x_wconf 91' lang='lat' dir='ltr'><strong>erat,</strong></span> <span class='ocrx_word' id='word_1_201' title='bbox 625 2376 655 2437; x_wconf 92' lang='lat' dir='ltr'><strong>in</strong></span> <span class='ocrx_word' id='word_1_202' title='bbox 666 2374 758 2436; x_wconf 88' lang='lat' dir='ltr'><strong>altero</strong></span> <span class='ocrx_word' id='word_1_203' title='bbox 769 2374 852 2435; x_wconf 91' lang='lat' dir='ltr'><strong>malis</strong></span> <span class='ocrx_word' id='word_1_204' title='bbox 866 2374 1023 2452; x_wconf 89' lang='lat' dir='ltr'><strong>pernities:</strong></span> <span class='ocrx_word' id='word_1_205' title='bbox 1035 2369 1146 2432; x_wconf 82' lang='lat' dir='ltr'><strong>illiusas</strong></span> 
     </span>
    </p>

    <p class='ocr_par' dir='ltr' id='par_1_8' title="bbox 105 2454 1113 2786">
     <span class='ocr_line' id='line_1_27' title="bbox 105 2454 1113 2526; baseline 0.002 -12"><span class='ocrx_word' id='word_1_206' title='bbox 105 2454 266 2526; x_wconf 78' lang='lat' dir='ltr'><strong>liacilitas,</strong></span> <span class='ocrx_word' id='word_1_207' title='bbox 289 2458 377 2519; x_wconf 88' lang='lat' dir='ltr'><strong>huius</strong></span> <span class='ocrx_word' id='word_1_208' title='bbox 398 2461 560 2520; x_wconf 88' lang='lat' dir='ltr'><strong>constantia</strong></span> <span class='ocrx_word' id='word_1_209' title='bbox 572 2459 754 2521; x_wconf 62' lang='lat' dir='ltr'><strong>laudaretur.</strong></span> <span class='ocrx_word' id='word_1_210' title='bbox 785 2458 937 2519; x_wconf 85' lang='lat' dir='ltr'><strong>Postremo</strong></span> <span class='ocrx_word' id='word_1_211' title='bbox 955 2456 1062 2518; x_wconf 88' lang='lat' dir='ltr'><strong>Caesar</strong></span> <span class='ocrx_word' id='word_1_212' title='bbox 1082 2455 1113 2516; x_wconf 94' lang='lat' dir='ltr'><strong>iu</strong></span> 
     </span>
     <span class='ocr_line' id='line_1_28' title="bbox 132 2540 1112 2620; baseline -0.001 -20"><span class='ocrx_word' id='word_1_213' title='bbox 132 2541 261 2601; x_wconf 89' lang='lat' dir='ltr'><strong>animum</strong></span> <span class='ocrx_word' id='word_1_214' title='bbox 277 2542 431 2602; x_wconf 85' lang='lat' dir='ltr'><strong>induxerat</strong></span> <span class='ocrx_word' id='word_1_215' title='bbox 445 2540 581 2602; x_wconf 84' lang='lat' dir='ltr'><strong>laborare</strong></span> <span class='ocrx_word' id='word_1_216' title='bbox 596 2543 730 2620; x_wconf 85' lang='lat' dir='ltr'><strong>vigilare,</strong></span> <span class='ocrx_word' id='word_1_217' title='bbox 752 2541 875 2617; x_wconf 87' lang='lat' dir='ltr'><strong>negotiis</strong></span> <span class='ocrx_word' id='word_1_218' title='bbox 891 2542 1054 2601; x_wconf 86' lang='lat' dir='ltr'><strong>amicornm</strong></span> <span class='ocrx_word' id='word_1_219' title='bbox 1068 2540 1112 2599; x_wconf 91' lang='lat' dir='ltr'><strong>in·</strong></span> 
     </span>
     <span class='ocr_line' id='line_1_29' title="bbox 132 2622 1110 2702; baseline 0 -18"><span class='ocrx_word' id='word_1_220' title='bbox 132 2631 230 2684; x_wconf 86' lang='lat' dir='ltr'><strong>tentus</strong></span> <span class='ocrx_word' id='word_1_221' title='bbox 250 2640 303 2685; x_wconf 91' lang='lat' dir='ltr'><strong>sua</strong></span> <span class='ocrx_word' id='word_1_222' title='bbox 323 2623 497 2702; x_wconf 85' lang='lat' dir='ltr'><strong>neglegere,</strong></span> <span class='ocrx_word' id='word_1_223' title='bbox 522 2624 594 2684; x_wconf 88' lang='lat' dir='ltr'><strong>nihil</strong></span> <span class='ocrx_word' id='word_1_224' title='bbox 619 2625 765 2701; x_wconf 87' lang='lat' dir='ltr'><strong>denegare</strong></span> <span class='ocrx_word' id='word_1_225' title='bbox 788 2622 866 2700; x_wconf 87' lang='lat' dir='ltr'><strong>quod</strong></span> <span class='ocrx_word' id='word_1_226' title='bbox 886 2622 963 2683; x_wconf 93' lang='lat' dir='ltr'><strong>dono</strong></span> <span class='ocrx_word' id='word_1_227' title='bbox 990 2623 1110 2702; x_wconf 91' lang='lat' dir='ltr'><strong>dignum</strong></span> 
     </span>
     <span class='ocr_line' id='line_1_30' title="bbox 133 2706 1112 2786; baseline 0.002 -20"><span class='ocrx_word' id='word_1_228' title='bbox 133 2712 224 2766; x_wconf 84' lang='lat' dir='ltr'><strong>esset:</strong></span> <span class='ocrx_word' id='word_1_229' title='bbox 250 2707 305 2768; x_wconf 85' lang='lat' dir='ltr'><strong>sibi</strong></span> <span class='ocrx_word' id='word_1_230' title='bbox 324 2724 464 2784; x_wconf 89' lang='lat' dir='ltr'><strong>magnum</strong></span> <span class='ocrx_word' id='word_1_231' title='bbox 479 2708 650 2786; x_wconf 77' lang='lat' dir='ltr'><strong>inperium,</strong></span> <span class='ocrx_word' id='word_1_232' title='bbox 672 2706 848 2774; x_wconf 81' lang='lat' dir='ltr'><strong>exercitum,</strong></span> <span class='ocrx_word' id='word_1_233' title='bbox 874 2706 984 2777; x_wconf 80' lang='lat' dir='ltr'><strong>bellum</strong></span> <span class='ocrx_word' id='word_1_234' title='bbox 1006 2723 1112 2768; x_wconf 87' lang='lat' dir='ltr'><strong>novom</strong></span> 
     </span>
    </p>

    <p class='ocr_par' dir='ltr' id='par_1_9' title="bbox 108 2786 1166 3289">
     <span class='ocr_line' id='line_1_31' title="bbox 108 2786 1149 2868; baseline 0.004 -18"><span class='ocrx_word' id='word_1_235' title='bbox 108 2786 306 2864; x_wconf 76' lang='lat' dir='ltr'><strong>oexoptaltat,</strong></span> <span class='ocrx_word' id='word_1_236' title='bbox 329 2789 381 2850; x_wconf 74' lang='lat' dir='ltr'><strong>uin</strong></span> <span class='ocrx_word' id='word_1_237' title='bbox 393 2791 484 2850; x_wconf 85' lang='lat' dir='ltr'><strong>virtus</strong></span> <span class='ocrx_word' id='word_1_238' title='bbox 497 2791 659 2851; x_wconf 85' lang='lat' dir='ltr'><strong>enitescere</strong></span> <span class='ocrx_word' id='word_1_239' title='bbox 672 2795 780 2868; x_wconf 86' lang='lat' dir='ltr'><strong>posset.</strong></span> <span class='ocrx_word' id='word_1_240' title='bbox 816 2789 852 2849; x_wconf 81' lang='lat' dir='ltr'><strong>At</strong></span> <span class='ocrx_word' id='word_1_241' title='bbox 868 2789 970 2852; x_wconf 82' lang='lat' dir='ltr'><strong>Catoni</strong></span> <span class='ocrx_word' id='word_1_242' title='bbox 985 2792 1113 2854; x_wconf 78' lang='lat' dir='ltr'><strong>andium</strong></span> <span class='ocrx_word' id='word_1_243' title='bbox 1122 2811 1149 2855; x_wconf 76' lang='lat' dir='ltr'><strong>aa</strong></span> 
     </span>
     <span class='ocr_line' id='line_1_32' title="bbox 133 2869 1113 2942; baseline 0.004 -12"><span class='ocrx_word' id='word_1_244' title='bbox 133 2869 302 2942; x_wconf 86' lang='lat' dir='ltr'><strong>modestiae,</strong></span> <span class='ocrx_word' id='word_1_245' title='bbox 319 2872 443 2942; x_wconf 85' lang='lat' dir='ltr'><strong>decoris,</strong></span> <span class='ocrx_word' id='word_1_246' title='bbox 462 2881 506 2933; x_wconf 89' lang='lat' dir='ltr'><strong>set</strong></span> <span class='ocrx_word' id='word_1_247' title='bbox 520 2890 656 2935; x_wconf 82' lang='lat' dir='ltr'><strong>maxume</strong></span> <span class='ocrx_word' id='word_1_248' title='bbox 669 2873 829 2934; x_wconf 86' lang='lat' dir='ltr'><strong>severitatis</strong></span> <span class='ocrx_word' id='word_1_249' title='bbox 847 2887 923 2936; x_wconf 92' lang='lat' dir='ltr'><strong>erat:</strong></span> <span class='ocrx_word' id='word_1_250' title='bbox 939 2892 999 2936; x_wconf 82' lang='lat' dir='ltr'><strong>non</strong></span> <span class='ocrx_word' id='word_1_251' title='bbox 1010 2875 1113 2936; x_wconf 82' lang='lat' dir='ltr'><strong>divitiis</strong></span> 
     </span>
     <span class='ocr_line' id='line_1_33' title="bbox 134 2953 1166 3034; baseline 0.003 -20"><span class='ocrx_word' id='word_1_252' title='bbox 134 2970 201 3014; x_wconf 89' lang='lat' dir='ltr'><strong>cum</strong></span> <span class='ocrx_word' id='word_1_253' title='bbox 224 2953 309 3015; x_wconf 82' lang='lat' dir='ltr'><strong>divite</strong></span> <span class='ocrx_word' id='word_1_254' title='bbox 331 2973 427 3034; x_wconf 88' lang='lat' dir='ltr'><strong>neque</strong></span> <span class='ocrx_word' id='word_1_255' title='bbox 449 2957 574 3017; x_wconf 83' lang='lat' dir='ltr'><strong>faotione</strong></span> <span class='ocrx_word' id='word_1_256' title='bbox 596 2975 663 3019; x_wconf 91' lang='lat' dir='ltr'><strong>oum</strong></span> <span class='ocrx_word' id='word_1_257' title='bbox 685 2958 815 3028; x_wconf 80' lang='lat' dir='ltr'><strong>factioso,</strong></span> <span class='ocrx_word' id='word_1_258' title='bbox 839 2966 884 3020; x_wconf 89' lang='lat' dir='ltr'><strong>set</strong></span> <span class='ocrx_word' id='word_1_259' title='bbox 905 2973 972 3020; x_wconf 90' lang='lat' dir='ltr'><strong>cum</strong></span> <span class='ocrx_word' id='word_1_260' title='bbox 992 2963 1113 3018; x_wconf 90' lang='lat' dir='ltr'><strong>strenuo</strong></span> <span class='ocrx_word' id='word_1_261' title='bbox 1163 2984 1166 2989; x_wconf 48' lang='lat'><strong>⁴</strong></span> 
     </span>
     <span class='ocr_line' id='line_1_34' title="bbox 136 3038 1112 3118; baseline 0.005 -21"><span class='ocrx_word' id='word_1_262' title='bbox 136 3038 248 3107; x_wconf 86' lang='lat' dir='ltr'><strong>virtute,</strong></span> <span class='ocrx_word' id='word_1_263' title='bbox 261 3056 328 3099; x_wconf 92' lang='lat' dir='ltr'><strong>oum</strong></span> <span class='ocrx_word' id='word_1_264' title='bbox 339 3039 472 3101; x_wconf 89' lang='lat' dir='ltr'><strong>modesto</strong></span> <span class='ocrx_word' id='word_1_265' title='bbox 483 3040 606 3118; x_wconf 86' lang='lat' dir='ltr'><strong>pudore,</strong></span> <span class='ocrx_word' id='word_1_266' title='bbox 618 3058 684 3102; x_wconf 90' lang='lat' dir='ltr'><strong>cum</strong></span> <span class='ocrx_word' id='word_1_267' title='bbox 695 3043 850 3103; x_wconf 88' lang='lat' dir='ltr'><strong>irmocente</strong></span> <span class='ocrx_word' id='word_1_268' title='bbox 862 3041 1033 3103; x_wconf 88' lang='lat' dir='ltr'><strong>abstinentia</strong></span> <span class='ocrx_word' id='word_1_269' title='bbox 1050 3059 1112 3102; x_wconf 89' lang='lat' dir='ltr'><strong>cer·</strong></span> 
     </span>
     <span class='ocr_line' id='line_1_35' title="bbox 133 3120 1113 3203; baseline 0.006 -21"><span class='ocrx_word' id='word_1_270' title='bbox 133 3120 228 3182; x_wconf 83' lang='lat' dir='ltr'><strong>tabat:</strong></span> <span class='ocrx_word' id='word_1_271' title='bbox 250 3138 314 3184; x_wconf 87' lang='lat' dir='ltr'><strong>esse</strong></span> <span class='ocrx_word' id='word_1_272' title='bbox 332 3140 420 3201; x_wconf 75' lang='grc'><strong>11111</strong></span> <span class='ocrx_word' id='word_1_273' title='bbox 433 3124 525 3185; x_wconf 88' lang='lat' dir='ltr'><strong>videri</strong></span> <span class='ocrx_word' id='word_1_274' title='bbox 538 3123 633 3186; x_wconf 88' lang='lat' dir='ltr'><strong>honus</strong></span> <span class='ocrx_word' id='word_1_275' title='bbox 647 3125 788 3186; x_wconf 86' lang='lat' dir='ltr'><strong>malebat:</strong></span> <span class='ocrx_word' id='word_1_276' title='bbox 804 3127 860 3193; x_wconf 90' lang='lat' dir='ltr'><strong>ita,</strong></span> <span class='ocrx_word' id='word_1_277' title='bbox 876 3141 933 3202; x_wconf 90' lang='lat' dir='ltr'><strong>quo</strong></span> <span class='ocrx_word' id='word_1_278' title='bbox 949 3125 1045 3186; x_wconf 84' lang='lat' dir='ltr'><strong>mmus</strong></span> <span class='ocrx_word' id='word_1_279' title='bbox 1061 3142 1113 3203; x_wconf 87' lang='lat' dir='ltr'><strong>pe·</strong></span> 
     </span>
     <span class='ocr_line' id='line_1_36' title="bbox 134 3203 1150 3289; baseline 0.008 -24"><span class='ocrx_word' id='word_1_280' title='bbox 134 3203 214 3266; x_wconf 86' lang='lat' dir='ltr'><strong>tebet</strong></span> <span class='ocrx_word' id='word_1_281' title='bbox 235 3204 372 3286; x_wconf 86' lang='lat' dir='ltr'><strong>gloriam,</strong></span> <span class='ocrx_word' id='word_1_282' title='bbox 395 3225 430 3269; x_wconf 89' lang='lat' dir='ltr'><strong>eo</strong></span> <span class='ocrx_word' id='word_1_283' title='bbox 445 3208 537 3286; x_wconf 88' lang='lat' dir='ltr'><strong>magis</strong></span> <span class='ocrx_word' id='word_1_284' title='bbox 555 3207 603 3270; x_wconf 89' lang='lat' dir='ltr'><strong>illa</strong></span> <span class='ocrx_word' id='word_1_285' title='bbox 621 3209 808 3289; x_wconf 86' lang='lat' dir='ltr'><strong>sequebatur.</strong></span> <span class='ocrx_word' id='word_1_286' title='bbox 1121 3229 1150 3273; x_wconf 76' lang='lat' dir='ltr'><strong>aa</strong></span> 
     </span>
    </p>

    <p class='ocr_par' dir='ltr' id='par_1_10' title="bbox 86 3289 1115 3544">
     <span class='ocr_line' id='line_1_37' title="bbox 86 3289 1112 3372; baseline 0.004 -22"><span class='ocrx_word' id='word_1_287' title='bbox 86 3290 124 3351; x_wconf 78' lang='lat'><strong>55</strong></span> <span class='ocrx_word' id='word_1_288' title='bbox 219 3289 391 3372; x_wconf 87' lang='lat' dir='ltr'><strong>Postquam,</strong></span> <span class='ocrx_word' id='word_1_289' title='bbox 414 3299 447 3354; x_wconf 92' lang='lat' dir='ltr'><strong>ut</strong></span> <span class='ocrx_word' id='word_1_290' title='bbox 462 3292 538 3363; x_wconf 83' lang='lat' dir='ltr'><strong>dixi,</strong></span> <span class='ocrx_word' id='word_1_291' title='bbox 561 3301 679 3356; x_wconf 91' lang='lat' dir='ltr'><strong>senatus</strong></span> <span class='ocrx_word' id='word_1_292' title='bbox 692 3295 722 3355; x_wconf 90' lang='lat' dir='ltr'><strong>iu</strong></span> <span class='ocrx_word' id='word_1_293' title='bbox 738 3292 853 3354; x_wconf 84' lang='lat' dir='ltr'><strong>Catonis</strong></span> <span class='ocrx_word' id='word_1_294' title='bbox 867 3294 1039 3354; x_wconf 88' lang='lat' dir='ltr'><strong>sententiam</strong></span> <span class='ocrx_word' id='word_1_295' title='bbox 1054 3291 1112 3354; x_wconf 90' lang='lat' dir='ltr'><strong>dis·</strong></span> 
     </span>
     <span class='ocr_line' id='line_1_38' title="bbox 136 3374 1115 3456; baseline 0.008 -26"><span class='ocrx_word' id='word_1_296' title='bbox 136 3374 230 3442; x_wconf 89' lang='lat' dir='ltr'><strong>cessit,</strong></span> <span class='ocrx_word' id='word_1_297' title='bbox 252 3375 363 3447; x_wconf 91' lang='lat' dir='ltr'><strong>consul,</strong></span> <span class='ocrx_word' id='word_1_298' title='bbox 388 3383 541 3455; x_wconf 92' lang='lat' dir='ltr'><strong>optumum</strong></span> <span class='ocrx_word' id='word_1_299' title='bbox 558 3377 636 3440; x_wconf 86' lang='lat' dir='ltr'><strong>iacto</strong></span> <span class='ocrx_word' id='word_1_300' title='bbox 653 3384 733 3440; x_wconf 88' lang='lat' dir='ltr'><strong>ratus</strong></span> <span class='ocrx_word' id='word_1_301' title='bbox 754 3382 871 3438; x_wconf 89' lang='lat' dir='ltr'><strong>noctem</strong></span> <span class='ocrx_word' id='word_1_302' title='bbox 894 3394 969 3456; x_wconf 85' lang='lat' dir='ltr'><strong>quae</strong></span> <span class='ocrx_word' id='word_1_303' title='bbox 989 3375 1115 3440; x_wconf 84' lang='lat' dir='ltr'><strong>instabat</strong></span> 
     </span>
     <span class='ocr_line' id='line_1_39' title="bbox 123 3461 1114 3544; baseline 0.012 -32"><span class='ocrx_word' id='word_1_304' title='bbox 123 3462 307 3534; x_wconf 80' lang='lat' dir='ltr'><strong>antecapere</strong></span> <span class='ocrx_word' id='word_1_305' title='bbox 327 3461 458 3541; x_wconf 81' lang='lat' dir='ltr'><strong>nequid</strong></span> <span class='ocrx_word' id='word_1_306' title='bbox 481 3478 517 3524; x_wconf 89' lang='lat' dir='ltr'><strong>eo</strong></span> <span class='ocrx_word' id='word_1_307' title='bbox 529 3463 624 3544; x_wconf 88' lang='lat' dir='ltr'><strong>spatio</strong></span> <span class='ocrx_word' id='word_1_308' title='bbox 636 3465 808 3529; x_wconf 81' lang='lat' dir='ltr'><strong>novaretur,</strong></span> <span class='ocrx_word' id='word_1_309' title='bbox 830 3461 969 3525; x_wconf 80' lang='lat' dir='ltr'><strong>tresviros</strong></span> <span class='ocrx_word' id='word_1_310' title='bbox 984 3480 1059 3544; x_wconf 88' lang='lat' dir='ltr'><strong>quae</strong></span> <span class='ocrx_word' id='word_1_311' title='bbox 1076 3462 1114 3524; x_wconf 85' lang='lat' dir='ltr'><strong>ad</strong></span> 
     </span>
    </p>
   </div>
   <div class='ocr_carea' id='block_1_5' title="bbox 0 0 1216 3854">
    <p class='ocr_par' dir='ltr' id='par_1_11' title="bbox 0 0 1216 3854">
     <span class='ocr_line' id='line_1_40' title="bbox 0 0 1216 3854; baseline 0 0"><span class='ocrx_word' id='word_1_312' title='bbox 0 0 1216 3854; x_wconf 95' lang='lat' dir='ltr'><strong> </strong></span> 
     </span>
    </p>
   </div>
  </div>
 </body>
</html>
