2422 3854
154 202 196 264 52
328 223 372 264 ux
392 221 496 266 saeuo
517 222 718 266 manaurae
741 221 770 264 o.
790 214 834 266 22.
856 213 900 269 ld·
922 212 966 266 24.

126 370 283 432 ranimum
303 387 391 431 suurn
404 370 540 431 iniuriam
563 370 660 431 miuus
680 368 824 431 tolerare:
845 369 1043 432 Adherbalem
1064 371 1141 436 dolis

152 455 228 516 vitae
249 471 321 514 suae
341 453 523 514 insidiatum:
549 453 629 532 quod
650 452 701 514 ubi
722 454 918 533 conperisset,
947 452 1053 516 sceleri
1074 458 1139 518 eius

152 537 268 598 obviam
288 538 360 598 isse:
390 535 533 614 populum
553 536 720 599 Romanum
740 554 838 616 usqam
858 543 941 599 reete
961 555 1060 617 neque
1080 556 1139 618 pro

150 619 231 681 bono
242 619 398 690 iactuum,
416 620 489 682 siah
498 622 563 682 iure
577 621 707 699 gentium
721 637 786 682 sese
800 620 999 698 prohibuerit:
1022 629 1139 699 postre-

150 721 200 764 mo
215 703 252 764 de
274 703 410 765 omnibus
424 703 515 767 robus
531 704 643 781 legatos
660 705 784 766 hemam
797 703 880 766 brevi
893 705 1072 767 missurum!
1092 706 1159 770 ltaa

124 788 268 867 aurique
282 788 495 865 digrediuntur.
520 787 694 850 Adherbalis
708 787 872 865 adpellaudi
887 790 971 867 eopia
990 804 1051 850 nou
1072 791 1136 852 ituit

102 867 142 930 23
236 870 377 949 Iugurtha
403 871 456 933 ubi
479 889 531 933 eos
558 871 656 934 hhiea
680 872 840 933 decessisse
867 879 950 934 ratus
974 880 1019 934 est
1039 891 1139 953 usqam

151 962 273 1034 propter
287 953 345 1016 loei
362 962 498 1016 naturam
512 954 622 1016 cutam
636 957 725 1016 armis
742 972 914 1034 expugnare
926 963 1037 1036 potest,
1060 956 1138 1019 vallo

151 1044 239 1118 atque
253 1039 332 1099 lossa
346 1040 462 1101 moenia
480 1039 655 1108 circumdat,
672 1040 762 1100 turris
776 1040 885 1101 extruit
900 1057 1009 1120 easque
1023 1043 1137 1119 praesi-

151 1121 205 1182 diis
222 1123 328 1191 firmat,
351 1129 505 1200 praeterea
519 1123 581 1185 dies
595 1124 747 1201 noctisque
767 1128 818 1183 aut
837 1140 891 1202 per
912 1126 971 1184 aim
991 1131 1042 1186 aut
1063 1124 1138 1186 dolis
1145 1144 1171 1187 ro

150 1211 309 1282 temptare,
332 1205 537 1268 defensoribus
556 1207 706 1269 moenium
721 1207 852 1285 praemia
867 1207 956 1269 modo
972 1209 1060 1269 modo
1074 1209 1137 1270 lor·

149 1287 291 1349 midiuem
313 1295 475 1361 ostentare,
505 1307 574 1354 suos
601 1289 747 1350 hortando
768 1291 805 1352 ad
826 1290 964 1352 virtualem
989 1292 1135 1369 adrigere,

125 1381 275 1448 aprorsus
302 1374 432 1436 ixrtentus
459 1380 565 1435 cuneta
592 1390 708 1451 parare.
750 1372 900 1436 Adherbal
920 1374 973 1436 ubi
994 1373 1138 1453 intellegit

150 1456 245 1516 omnis
271 1473 339 1518 suas
361 1458 493 1520 fortunas
516 1459 547 1518 lu
568 1465 701 1519 extreme
728 1458 812 1527 sitas,
843 1458 958 1523 hostem
985 1459 1135 1529 infestum,

150 1539 238 1604 auxili
256 1557 340 1618 spem
353 1540 478 1610 nullam,
501 1541 643 1619 paenuria
657 1559 760 1602 rerum
775 1542 1009 1603 neeessariarum
1024 1541 1137 1604 bellum
1146 1562 1170 1605 u

150 1622 226 1683 trahi
246 1641 307 1683 non
321 1639 422 1701 posse,
446 1641 482 1685 ex
498 1627 548 1695 eis,
568 1627 618 1704 qui
635 1625 819 1686 uua'Girtam
833 1624 1040 1702 profugerant,
1061 1627 1137 1687 duos

149 1722 286 1767 maxume
307 1708 440 1784 inpigros
461 1707 582 1785 delegit:
609 1726 661 1770 eor
685 1707 775 1770 multa
800 1706 965 1785 pollicendo
990 1724 1026 1768 aa
1046 1709 1136 1771 mise·

149 1789 243 1850 raudo
265 1807 364 1851 casum
386 1808 472 1852 suum
489 1793 651 1864 eonilrmat,
674 1793 717 1853 uti
730 1809 785 1870 par
804 1791 933 1853 hostiurn
955 1792 1136 1854 munitiones

98 1867 140 1931 24
149 1879 239 1934 noctu
250 1874 287 1935 ad
301 1892 480 1953 proxumum
494 1893 585 1948 mare,
602 1877 671 1938 dein
689 1877 813 1937 Romam
826 1883 994 1954 pergerent.
1032 1873 1134 1937 Numi·

150 1955 204 2018 dae
225 1959 326 2036 paucis
344 1957 448 2020 diebus
467 1961 546 2021 iussa
568 1961 711 2021 efficiunt:
726 1959 841 2020 litterae
858 1956 1033 2019 Adherbalis
1044 1959 1074 2019 iu
1085 1976 1169 2024 sero

148 2046 219 2101 natu
234 2042 382 2112 recitatae,
407 2061 532 2122 quarum
546 2045 689 2105 sententia
707 2042 781 2102 haee
800 2042 868 2102 luit:

123 2135 140 2185 2
234 2124 309 2185 ‘Non
323 2144 389 2187 mea
400 2127 485 2207 eulpa
497 2145 585 2206 saepe
594 2127 632 2188 ad
645 2144 697 2187 ros
712 2131 828 2186 oratum
842 2127 935 2197 mitto,
947 2132 1045 2205 patres
1063 2143 1134 2187 eou-

149 2208 259 2285 seripti,
276 2215 321 2270 set
334 2210 376 2270 vis
397 2209 557 2288 Iugurthae
574 2210 696 2287 subigit,
718 2226 805 2289 quem
820 2216 900 2270 tauta
914 2209 1014 2271 lubido
1041 2211 1134 2271 extia-

149 2291 257 2370 guendi
279 2311 326 2354 ma
347 2294 459 2366 invasit,
482 2300 632 2373 utusque
653 2311 706 2354 ros
726 2311 823 2374 neque
843 2294 914 2355 deos
926 2291 1088 2354 inmortalis
1103 2295 1133 2354 in

122 2376 245 2437 tunimo
261 2375 377 2448 habeat,
393 2379 566 2456 sanguinem
581 2396 681 2439 meum
697 2395 784 2457 quam
800 2379 897 2438 omnia
912 2376 1001 2438 malit.
1030 2376 1167 2454 ltaquers

149 2461 284 2538 quintum
293 2461 351 2523 iam
362 2478 496 2524 mensem
512 2463 610 2523 socius
621 2469 650 2523 et
668 2462 780 2523 amioum
793 2460 895 2540 populi
905 2460 1030 2521 Romani
1045 2462 1135 2520 armis

149 2542 287 2604 obsessus
301 2551 413 2614 teneor,
431 2563 529 2623 neque
541 2546 614 2606 mihi
628 2546 765 2624 Mioipsae
781 2545 873 2620 patris
903 2545 962 2603 mei
998 2542 1134 2604 beuiheia

147 2644 245 2705 neque
267 2633 364 2687 vostra
381 2627 498 2688 decreta
513 2629 704 2689 auxilianturz
720 2627 801 2686 ferro
821 2643 859 2685 an
877 2626 954 2686 fame
969 2629 1067 2688 aerius
1082 2645 1134 2688 ur·

121 2720 239 2785 sguear
255 2710 387 2772 incertus
401 2727 475 2771 sum.
488 2709 590 2771 ¹Plura
607 2711 644 2770 de
658 2707 799 2786 iugurtha
813 2708 945 2770 seribere
959 2710 1134 2772 dehortatur

147 2808 196 2851 me
217 2791 335 2853 ionuua
355 2811 437 2854 urea:
459 2800 489 2854 et
510 2794 568 2853 iam
590 2800 674 2854 antea
696 2799 835 2870 expertus
856 2810 923 2854 sum
937 2810 1042 2872 parum
1064 2794 1134 2856 fidei
1142 2818 1168 2861 oo

121 2875 262 2934 imiseris
283 2891 357 2935 esse.
398 2876 460 2937 Nisi
480 2883 577 2939 tamen
598 2875 736 2954 intellego
752 2875 835 2937 illum
856 2895 945 2957 supra
967 2895 1055 2956 quam
1075 2895 1133 2955 ego

148 2973 213 3017 sum
224 2962 335 3033 potere,
346 2974 443 3037 meque
454 2959 539 3021 simul
551 2961 706 3021 amicitiam
717 2966 846 3022 vostram
856 2968 887 3024 et
896 2977 1021 3038 reguum
1031 2978 1133 3022 meum

147 3056 278 3118 sperare.
320 3041 427 3103 Utrum
446 3044 562 3121 gravius
585 3045 753 3114 existumet,
773 3046 884 3107 nemini
906 3042 1054 3104 oeoultum
1077 3053 1131 3106 est.

121 3123 223 3185 bNam
233 3124 315 3187 initio
327 3125 434 3186 oceidit
444 3126 650 3206 Hiempsalem,
662 3129 785 3190 fratrem
795 3145 904 3198 meum,
919 3128 1025 3189 deinde
1035 3130 1131 3206 patrio

147 3227 241 3287 reguo
252 3227 300 3270 me
312 3208 436 3288 expulit:
449 3228 524 3290 qarae
535 3228 605 3273 sane
616 3213 727 3275 hierlut
736 3219 855 3273 nostrae
866 3212 999 3283 iniuriae,
1010 3211 1082 3272 nihil
1093 3213 1131 3273 ad
1141 3229 1167 3272 aa

121 3305 208 3354 tvos.
241 3291 350 3354 Varum
366 3312 446 3356 nune
461 3301 592 3357 vostrum
608 3314 735 3375 reguum
749 3298 838 3356 armis
853 3303 946 3365 tenet,
962 3314 1025 3366 me,
1042 3312 1131 3373 quem

146 3392 199 3436 vos
212 3377 420 3456 imperatorem
430 3378 562 3441 Numidis
575 3382 722 3459 posuistis,
745 3378 877 3440 clausum
900 3377 1027 3439 obsidet:
1050 3377 1130 3457 lega·

110 3464 242 3520 storum
266 3461 354 3524 rerba
377 3466 478 3545 quanti
500 3464 604 3527 fauerit
623 3461 753 3545 pericula
773 3480 839 3525 mea
861 3460 1019 3523 deelaraut.
1054 3463 1131 3535 Ouid
