2422 3854
312 230 356 274 na
376 228 481 273 nanno
503 228 706 275 mcvarmro
727 229 755 274 o.
776 221 821 278 ⁷5·
836 221 878 281 76.
1045 214 1086 280 83

110 384 263 458 praeterea
278 376 424 454 conquirit
440 394 476 437 ex
490 378 569 455 agris
585 395 673 457 quarn
688 379 859 459 plurumum
874 386 969 458 potest
985 380 1111 450 domitia

109 460 241 539 pecoris:
258 477 293 521 eo
308 460 420 538 inponit
432 476 500 521 rasa
511 462 652 539 cuiusque
665 463 753 534 modi,
768 471 814 525 set
824 462 966 543 pleraque
980 464 1083 544 lignea,

109 541 241 605 conlecta
262 560 298 605 ex
314 543 436 620 tuguriis
453 542 661 605 Numidarum:
685 546 722 608 ad
737 545 795 608 hoc
808 546 1112 626 finitumisimperat,a

110 628 160 706 qui
174 643 206 688 se
220 632 287 706 post
300 625 378 702 regis
391 623 492 703 tergam
508 625 623 688 lletello
637 626 792 702 dederant,
807 648 896 710 quam
916 629 1086 709 plurumum

87 711 232 790 aquisque
253 726 345 788 aquae
361 714 509 787 portaret,
531 708 609 771 diem
623 709 793 792 locumque,
812 713 864 774 ubi
895 720 1014 792 praesto
1042 711 1087 773 io·

107 802 184 870 rent,
203 791 360 871 praedicit:
384 793 506 890 ipsoex
527 791 656 891 llumine,
682 812 770 874 quam
781 813 955 874 proxumam
977 798 1111 875 oppidoo

108 892 300 1022 ilidii
319 874 1110 1038 ttltttltlltttltttttltlttn

107 1048 235 1114 rentum,
257 1061 315 1122 quo
330 1041 463 1104 Numidis
476 1049 676 1122 praeceperat,
696 1050 725 1106 et
746 1050 839 1106 castra
854 1045 948 1124 posita
961 1045 1085 1106 munita·

73 1145 166 1207 toque
180 1133 264 1196 sunt,
282 1132 362 1188 tanta
382 1132 504 1205 repente
527 1128 607 1188 caelo
624 1128 711 1190 missa
730 1129 774 1190 vis
796 1146 889 1208 aquae
911 1126 1030 1197 dicitur,
1052 1133 1086 1189 ut

107 1230 141 1274 ea
156 1210 245 1271 modo
262 1207 403 1271 exercitui
417 1210 487 1270 satis
500 1227 648 1290 superque
661 1212 748 1273 toret.
778 1211 934 1273 Praeterea
949 1225 1112 1277 naaman-8

108 1302 154 1356 tus
174 1310 228 1372 spe
249 1291 382 1370 amplior,
404 1292 472 1370 quia
492 1291 643 1363 Numidae,
665 1295 751 1356 sicuti
763 1294 936 1375 pleriquein
949 1311 1022 1355 nova
1034 1295 1084 1357 de·

108 1377 226 1446 ditione,
240 1375 335 1436 officia
346 1374 539 1437 intenderant
563 1374 700 1438 Ceterum
714 1377 819 1439 milites
832 1377 974 1455 religione
988 1376 1112 1454 pluviae

108 1460 202 1537 magis
222 1459 283 1529 usi,
307 1475 401 1538 eaque
420 1475 470 1519 res
489 1457 613 1520 multum
628 1460 731 1522 animis
752 1476 856 1522 eorum
870 1459 994 1521 addidit:
1017 1477 1086 1521 nam

73 1563 98 1604 u
108 1545 165 1606 rati
185 1559 249 1605 sese
269 1542 330 1604 deis
344 1540 547 1604 inmortalibus
569 1560 657 1605 curae
673 1560 745 1606 esse.
781 1543 891 1605 lleinde
905 1548 1024 1621 postero
1038 1543 1085 1604 die

108 1634 210 1688 contra
232 1627 399 1705 opinionem
418 1625 577 1704 lugtutlrae
591 1626 628 1688 ad
641 1626 763 1690 Thalam
776 1627 958 1707 perveniunt.
996 1625 1084 1705 Oppi·
1096 1633 1128 1687 10

108 1712 183 1781 dani,
200 1711 250 1789 qui
264 1727 297 1771 so
307 1708 442 1771 locorum
455 1711 611 1788 asperitate
624 1712 752 1773 munitos
766 1711 965 1781 crediderant,
977 1725 1084 1786 magna

107 1802 195 1871 atque
221 1791 335 1853 insolita
361 1790 559 1871 reperculsi,
582 1791 673 1854 nihilo
695 1795 813 1872 segnius
832 1792 942 1854 bellum
962 1810 1083 1871 parare:

107 1876 185 1938 idem
204 1876 297 1936 nostri
323 1874 429 1937 tacere.
474 1875 524 1935 Set
544 1893 613 1946 rex,
637 1875 709 1937 nilril
733 1878 791 1938 iam
812 1874 1084 1938 iniectumlletello
1095 1875 1135 1938 76

71 1958 247 2029 comedens,
270 1959 376 2039 quippe
399 1959 449 2038 qui
462 1959 569 2030 omnia,
584 1976 666 2020 arma
681 1959 753 2031 tela,
772 1958 853 2020 locos
869 1965 1018 2037 tempora,
1033 1958 1084 2020 de-

106 2043 195 2122 nique
209 2048 344 2104 naturam
357 2043 450 2121 ipsam
467 2041 791 2122 cetorisimperitantem
807 2041 949 2103 industria
966 2045 1083 2111 vicerat,

107 2144 175 2188 cnm
190 2124 292 2186 liberis
309 2131 338 2187 et
351 2143 457 2204 magna
470 2132 554 2204 parte
568 2127 710 2207 pecuniae
724 2145 760 2188 ex
775 2126 882 2207 oppido
903 2131 994 2187 noctu
1015 2140 1085 2204 pro·

106 2209 188 2286 frigit,
213 2225 309 2287 neque
328 2215 430 2288 postea
449 2209 480 2269 in
500 2208 560 2270 ullo
577 2208 644 2270 loco
666 2209 790 2289 amplius
812 2227 872 2270 uno
894 2209 941 2270 die
962 2215 1013 2270 aut
1026 2225 1085 2269 una

105 2298 192 2353 noete
207 2295 350 2360 moratus,
367 2289 522 2351 simulabat
537 2308 601 2353 sese
615 2294 715 2369 negoti
727 2294 820 2370 mtto
839 2308 1015 2371 properarat
1039 2309 1085 2351 ce·

60 2395 97 2438 aa
105 2383 203 2437 terum
216 2371 412 2453 proditionem
425 2372 555 2445 timebat,
571 2391 659 2454 quem
669 2376 760 2436 vitare
774 2387 861 2453 posse
875 2372 1022 2435 eeleritate
1031 2389 1085 2450 pu·

106 2457 201 2521 tabat:
222 2473 291 2518 nana
309 2455 376 2518 talia
396 2455 515 2538 consilia
526 2474 581 2539 per
593 2458 685 2518 otium
696 2456 992 2537 etexopportunitate
1009 2456 1084 2534 capi.

105 2543 142 2604 lt
157 2539 299 2612 Metellus,
313 2540 365 2603 ubi
385 2539 546 2620 oppidanos
559 2539 671 2621 proelio
686 2541 821 2610 intentos,
840 2538 927 2602 simul
946 2538 1111 2617 oppidana

106 2633 136 2687 et
157 2625 295 2704 operibus
318 2631 346 2687 et
366 2624 433 2686 loco
454 2625 599 2687 munitum
625 2625 710 2694 ridet,
734 2623 808 2686 vallo
823 2623 958 2702 fossaque
971 2621 1086 2683 moenia

109 2709 307 2769 circumvenit.
334 2708 445 2770 Deinde
461 2707 532 2770 locis
551 2727 588 2770 ex
605 2709 687 2788 copia
707 2725 843 2769 maxumo
857 2705 969 2767 idoneis
989 2705 1112 2767 uineastt

71 2807 209 2870 reagere,
240 2806 379 2868 aggerem
398 2794 496 2853 iacere
514 2789 571 2873 [et]
598 2809 687 2872 super
710 2807 848 2868 aggerem
868 2789 1002 2868 inpositis
1024 2795 1085 2848 tur·
1123 2846 1127 2853 .

105 2873 189 2936 ribus
207 2891 281 2953 opus
295 2880 324 2935 et
338 2874 523 2936 administros
538 2876 635 2937 tutari.
672 2873 779 2936 Contra
795 2873 869 2936 haec
885 2872 1022 2954 oppidani
1043 2871 1112 2932 fes

105 2960 214 3019 stinare
241 2975 361 3037 parare:
388 2974 514 3037 prorsus
537 2957 573 3020 ah
601 2959 734 3037 utrisque
760 2957 832 3019 nihil
862 2955 985 3017 relicum
1010 2955 1083 3015 lieri.

106 3040 237 3121 Denique
265 3041 404 3110 Romani,
433 3041 524 3103 multo
553 3049 620 3103 ante
639 3040 742 3103 labore
767 3039 944 3120 proeliisque
965 3037 1111 3113 fatigatio

106 3133 172 3203 post
191 3125 253 3186 dies
267 3125 472 3204 quadraginta,
495 3142 583 3205 quam
598 3141 633 3186 eo
648 3131 766 3186 ventum
782 3132 858 3194 erat,
874 3120 981 3201 oppido
996 3119 1084 3180 rnodo

71 3210 204 3287 opotiri:
225 3210 334 3288 praeda
356 3209 450 3270 omnis
470 3208 507 3269 ab
530 3207 660 3287 perfugis
682 3216 833 3288 conrupta.
875 3205 909 3266 Ei
928 3208 1112 3281 postquamo

106 3309 224 3354 murum
245 3290 384 3355 arietibus
398 3291 480 3354 feriri
493 3308 600 3370 resque
614 3308 681 3352 suas
701 3291 832 3354 adflictas
850 3287 964 3356 rident,
982 3303 1086 3348 aurum

107 3383 193 3456 atque
208 3383 362 3453 argentum
377 3381 406 3436 et
420 3374 476 3437 alia
486 3392 561 3453 quae
575 3375 669 3452 prima
680 3375 827 3437 ducuntur
843 3372 963 3432 domum
974 3370 1086 3447 regiam

107 3465 295 3538 conportent:
314 3459 354 3522 ibi
375 3460 443 3521 rino
462 3465 492 3521 et
508 3456 599 3536 epulis
614 3460 725 3520 onerati
747 3457 853 3536 illaque
872 3461 902 3518 et
919 3454 1037 3516 domum
1058 3459 1087 3514 et

894 3559 935 3620 6*
