2422 3854
132 190 175 256 86
273 210 316 252 os
337 209 441 252 annno
462 207 663 252 rvorausnno
687 207 716 251 c.
739 199 783 253 80.
803 197 848 254 81.
869 199 912 254 82.
934 199 977 254 ss.

134 360 273 439 quisque,
295 374 384 437 quam
404 354 557 434 plurumas
575 373 693 426 uxores,
707 355 799 420 (lenas
819 353 867 417 alii
882 354 930 417 alii
951 354 1053 435 plures
1066 354 1121 418 ha·

108 441 219 513 abent,
244 447 289 502 set
302 455 390 517 reges
408 456 444 501 eo
461 437 594 521 amplius.
626 438 670 500 lta
685 441 800 502 animus
813 437 1000 501 multitudiue
1013 439 1120 502 distre·

133 525 229 588 hitur:
256 523 338 586 nulla
359 540 414 602 pro
436 522 516 584 socia
537 525 660 602 optinet,
683 524 793 602 pariter
819 539 922 584 omnes
944 523 1016 584 viles
1038 534 1118 586 sunt

83 614 121 680 81
133 610 226 688 Igitur
246 609 277 669 in
299 607 398 669 locum
426 604 571 668 ambobus
590 606 730 687 placitum
754 607 912 670 exercitus·
925 607 1120 677 conveniunt:

133 692 174 754 ihi
196 691 254 753 ilde
275 691 342 753 data
363 697 393 752 et
412 696 533 770 accepta
553 690 694 768 Iugurtha
714 689 824 753 Bocchi
836 691 965 752 animum
987 692 1142 755 orationes

133 775 285 838 adcendit:
306 775 456 836 Romanos
468 774 605 845 iniustos,
627 774 775 853 prohmda
794 775 930 844 aomina,
955 777 1120 839 communis

134 860 263 920 omnium
278 858 369 920 hostis
381 875 460 921 esse:
473 860 599 921 malem
608 856 674 920 illos
685 874 818 920 caumam
832 856 902 919 belli
916 875 984 920 cum
999 857 1118 920 Boccho

133 942 253 1013 hahere,
267 959 355 1022 quam
366 958 468 1004 secum
477 949 590 1005 etcum
601 941 665 1004 aliis
678 941 824 1019 gentihus,
838 939 1122 1022 lubidinemimperi·

132 1026 223 1097 tandi,
245 1027 311 1106 quis
326 1026 424 1087 omnia
439 1040 532 1102 regna
544 1026 667 1087 advorsa
682 1026 755 1086 sint:
776 1030 841 1086 tum
855 1041 930 1094 sese,
946 1024 1035 1104 paulo
1050 1032 1119 1088 ante

133 1109 394 1187 Carthaginiensis,
415 1110 486 1170 item
500 1125 602 1187 regem
617 1108 743 1178 Porsen,
758 1114 826 1186 post
840 1109 883 1169 uti
899 1109 1022 1188 quiaque
1043 1126 1152 1188 opu-10

107 1193 322 1257 alentissumus
341 1192 487 1262 ridemur,
510 1194 549 1253 ita
564 1191 703 1253 Romanii
723 1192 838 1254 hostem
856 1193 930 1254 lore.
965 1192 1014 1254 ms
1028 1201 1117 1272 atque

133 1276 196 1338 aliis
210 1275 318 1337 talibus
335 1275 418 1338 dictis
432 1273 469 1336 ad
485 1275 593 1338 Cirtam
608 1275 752 1356 oppidum·
761 1277 816 1338 iter
831 1277 1019 1346 constituunt,
1036 1276 1117 1355 quod

131 1359 232 1438 ibique
248 1359 353 1398 “im
369 1357 502 1421 Metellus
516 1359 657 1438 praedam
672 1361 859 1439 captiuosque
876 1367 906 1422 et
919 1359 1116 1439 inpedimenta

105 1441 286 1505 siccaverat
309 1443 352 1505 Ita
362 1443 505 1520 Iugurtha
518 1450 600 1505 ratus
615 1449 666 1505 aut
676 1448 760 1521 capta
773 1441 850 1505 urhe
863 1460 972 1523 operae
981 1443 1116 1522 precium

131 1527 206 1597 lore,
221 1533 272 1588 aut
281 1526 307 1586 si
319 1526 470 1588 Itomanus
481 1526 588 1589 auxilio
601 1528 662 1588 suis
671 1528 805 1596 venisset,
818 1526 929 1608 proelio
944 1543 1009 1588 sese
1021 1533 1116 1588 certa·
1125 1548 1149 1590 aa

106 1617 225 1672 «ituros.
269 1609 344 1671 Nam
368 1608 490 1672 callidm
510 1611 541 1673 id
562 1612 650 1673 modo
677 1610 846 1680 festinabat,
874 1609 983 1671 Bocchi
1010 1626 1116 1688 pacem

131 1694 310 1762 inminuere,
331 1711 369 1755 ne
391 1710 491 1755 moras
511 1693 647 1772 agitando
662 1693 740 1758 aliud
762 1710 850 1774 mam
874 1691 983 1754 bellum
1002 1691 1113 1753 mallet.

82 1774 122 1839 82
207 1774 371 1854 Imperator
391 1784 547 1858 postquam
561 1777 599 1840 de
611 1794 716 1855 regum
735 1779 873 1840 societate
890 1776 1033 1853 cognorit,
1053 1792 1115 1836 non

132 1867 254 1929 temere,
276 1878 388 1940 neque,
411 1863 455 1923 uti
470 1878 558 1940 saepe
579 1861 637 1923 iam
657 1863 733 1923 ricto
750 1860 893 1939 Iugurtha
912 1866 1114 1930 consueverat,

133 1941 271 2005 omnihus
285 1941 358 2006 Iocis
374 1945 525 2026 pugnandi
544 1947 658 2023 copiam
673 1947 758 2007 lacit:
779 1951 910 2006 ceterum
924 1942 996 2005 haut
1009 1941 1149 2022 proculae

132 2027 168 2089 ab
193 2026 270 2088 Cirta
292 2029 395 2090 castris
415 2029 534 2090 munitis
553 2045 640 2106 reges
661 2030 806 2109 operitur,
828 2026 933 2089 melius
947 2043 1011 2089 esso
1031 2035 1115 2088 ratas

132 2111 255 2187 cognitis
276 2110 401 2181 Mauris,
433 2113 572 2191 quoniam
592 2115 618 2174 is
638 2130 730 2175 noros
750 2111 842 2173 hostis
863 2111 1047 2180 adcesserint,
1077 2128 1113 2173 ex

132 2192 285 2254 commodo
303 2211 432 2273 pugnam
447 2194 555 2258 lacere.

105 2292 122 2341 2
214 2275 335 2339 Interim
356 2277 450 2340 Itoma
467 2296 522 2358 per
542 2279 654 2342 litteras
675 2280 784 2341 certior
805 2278 838 2340 tit
855 2277 1035 2358 provinciam
1053 2276 1113 2339 Nu·

130 2360 249 2422 midIam
259 2360 351 2423 llario
365 2362 477 2425 datam:
492 2381 561 2426 nam
576 2362 726 2425 consulem
740 2362 850 2424 tactum
863 2368 931 2425 ante
948 2368 1111 2439 acceperat
1121 2379 1146 2425 as

131 2443 244 2517 Quibus
257 2444 348 2508 rebus
362 2463 453 2526 supra
472 2445 584 2509 honum
599 2454 649 2508 aut
666 2447 823 2509 honestum
836 2444 1000 2525 perculsus,
1016 2461 1114 2524 noque

130 2525 276 2590 lacrumas
289 2537 393 2591 tenore
407 2548 505 2611 nsque
523 2531 671 2594 moderari
689 2529 837 2608 linguam:
859 2530 905 2590 vir
925 2528 1062 2607 egremm
1082 2529 1113 2590 in

104 2610 192 2676 saliis
213 2612 325 2674 artibus
344 2614 430 2675 nimis
443 2613 570 2677 molliter
585 2615 797 2693 aangtudinem
818 2611 888 2691 pati.
932 2609 1027 2682 Quam
1047 2629 1113 2674 rem

129 2693 177 2755 alii
186 2694 216 2755 in
226 2696 394 2774 superbiam
406 2698 569 2770 vertebant,
585 2698 632 2760 alii
645 2696 756 2759 honum
770 2696 921 2775 ingenium
935 2694 1112 2758 contumaIIa

129 2778 289 2839 adcensum
306 2797 379 2851 essa,
397 2780 481 2843 multi
502 2783 581 2862 qnod
601 2782 659 2842 iam
680 2787 764 2860 parta
778 2779 900 2842 victoria
918 2797 955 2842 cx
975 2778 1147 2842 manibuaao

129 2862 303 2939 eriperetur.
344 2863 435 2926 Nobis
456 2867 526 2927 satis
546 2866 694 2943 cognmm
716 2871 761 2926 eat
780 2862 862 2926 illum
882 2863 975 2943 magis
997 2863 1112 2925 honore

127 2943 202 3006 llari
223 2963 310 3026 quam
330 2949 436 3011 iniuria
455 2965 507 3010 sua
522 2949 721 3011 excruciatum
735 2965 833 3027 neque
853 2954 914 3010 tam
929 2947 1014 3009 aane
1034 2943 1110 3008 latu·

127 3045 196 3173 Eum
220 3028 324 3101 luisse,
356 3033 380 3093 si
406 3033 540 3110 adempta
565 3033 715 3111 provincia
744 3031 791 3093 alii
818 3048 907 3110 quam
931 3028 1023 3091 llario
1049 3035 1110 3091 tra-

149 3121 256 3176 eretur.

76 3198 117 3266 83
210 3197 302 3277 Igitur
322 3215 357 3260 eo
381 3196 484 3260 dolore
499 3198 644 3278 inpeditus
665 3206 695 3261 et
714 3200 782 3278 quia
801 3198 939 3261 stultitiae
954 3195 1143 3260 videbaturss

126 3280 249 3344 alienam
262 3298 327 3343 rem
340 3279 472 3361 periculo
486 3298 541 3344 suo
555 3299 676 3353 curare,
699 3279 812 3362 legatos
827 3282 864 3344 ad
877 3280 1029 3344 Bocchum
1042 3282 1109 3343 mit-

125 3365 160 3425 tit
175 3363 364 3443 postulatam,
380 3383 419 3429 ne
432 3366 496 3428 sine
516 3383 605 3430 causa
628 3365 720 3428 hostis
733 3364 844 3444 populo
860 3366 994 3427 Romano
1008 3365 1108 3428 tieret:

126 3445 237 3510 habere
251 3454 314 3509 tum
330 3466 465 3526 magnam
481 3450 594 3529 copiam
608 3449 755 3512 societatIs
769 3449 971 3528 amicitiaeque
984 3449 1109 3512 coniun-
