2422 3854
79 216 97 257 a
474 189 661 255 recusante.

79 325 149 397 e.1.]
169 325 253 396 [iamJ.
271 354 304 365 -
322 344 387 393 prece
404 329 500 379 leuiora
515 323 577 390 sint]
597 342 661 392 quoe
678 327 773 376 leviora
789 331 847 374 cuni
864 324 882 373 Ι.
911 325 981 374 Talia
999 335 1058 376 oon·¹

79 397 185 464 figenda
206 411 264 446 esse
285 395 424 456 contendo,
446 393 568 457 quamdiu
591 393 737 444 Sallustium
759 391 791 441 ab
813 406 875 441 suae
896 393 984 443 aetatis
1002 393 1059 444 diii·

99 467 167 516 eutia
188 474 281 514 temere
310 463 462 512 discessisse
488 475 538 510 uon
566 460 671 526 plenum
696 459 790 509 iactum
811 459 895 509 luerit.
916 485 949 496 -·
979 461 1020 520 64,
1033 462 1059 512 6.

80 481 133 600 fin]
152 528 220 646 mil
238 533 265 580 in
281 531 336 580 aeis
354 529 373 579 1.
392 554 425 564 —
443 530 485 587 64,
497 530 522 578 6.
541 529 666 590 interficit,
688 527 755 578 iubet
771 521 836 592 alia]
858 529 968 589 interfici
982 528 1059 588 iethet,

78 602 130 650 alia
148 599 167 648 1.
222 599 244 646 ic
262 612 277 647 c
298 596 375 646 tumis
392 595 464 646 libris
480 595 539 661 plus
557 594 617 645 fldei
630 595 715 655 tribui,
734 608 810 656 quam
821 593 872 644 ille.
884 619 918 630 -
935 595 977 655 66,
991 597 1013 645 Ι.
1033 601 1060 645 tsi

78 671 105 718 in
120 667 229 717 aduorso
247 611 313 729 ai]
331 666 358 714 in
375 665 492 714 cicerem
520 661 554 714 Ut
570 662 671 721 reduxi,
689 677 721 711 ne
733 659 881 711 Sallustiani
898 661 997 711 dicendi
1015 677 1058 726 ge·

79 729 759 863 utiiiiit‘·.ii.ii¹.tnlt¹.iu'iil‘liu
774 729 901 857 nlla
919 727 1060 860 36766

666 832 673 855 b
756 831 762 855 7

80 876 200 935 optumos
218 881 268 916 ucu
287 866 504 925 commendatum,
527 873 612 914 temen
633 862 695 913 mihi
717 863 823 927 vestigia
845 863 873 910 iu
894 863 1060 913 deterioribus

78 934 208 985 codicibus
225 935 350 999 prementi
366 947 419 984 uon
434 941 487 982 tam
503 947 536 982 ex
547 930 702 996 glossemate
715 939 805 989 crtum,
824 943 900 992 quam
912 929 1059 980 Latinorum

78 1001 254 1053 consuetudini
273 1001 408 1050 convenire
418 1001 502 1049 visum
514 1013 580 1049 esse.
593 1024 627 1034 ·-
644 999 685 1057 66,
698 1000 723 1049 6.
739 1003 831 1063 perant
847 1011 869 1047 c.
882 993 914 1062 Ι.]
933 1005 1018 1061 apant.
1028 1024 1060 1034 -

77 1070 120 1133 67,
133 1071 158 1120 b.
176 1069 256 1128 audie,
271 1069 336 1132 poia,
354 1073 492 1131 praeterea
505 1067 586 1130 picem
597 1065 695 1126 misitne
706 1071 732 1115 ei
743 1065 820 1114 taeda
831 1065 934 1114 mictum
945 1062 1059 1128 ardenti]

77 1137 231 1200 canicapulus,
248 1141 387 1200 praeterea
404 1160 436 1170 -
453 1134 572 1198 adplicre
589 1158 621 1168 -
639 1134 757 1182 ardentia
773 1131 793 1183 I.
828 1129 884 1179 Nisi
906 1132 963 1192 quis
985 1133 1060 1180 etiam

78 1202 131 1267 pila
148 1211 193 1251 aut
214 1211 279 1251 certe
301 1201 378 1251 sudes
400 1200 514 1250 ardentia
535 1201 615 1249 missa
637 1214 694 1248 esse
715 1213 773 1248 cum
794 1197 880 1260 aliqua
901 1199 953 1246 veri
976 1199 1060 1263 specle

80 1269 231 1329 ostenderit,
250 1283 297 1334 ego
314 1268 431 1330 squidem
449 1269 553 1318 ardenti
567 1266 674 1316 retinere
691 1265 803 1327 audebo,
825 1264 988 1314 confirmatus
1006 1280 1058 1314 ma·

78 1351 157 1388 xume
173 1335 230 1385 loco
248 1337 290 1397 60,
303 1337 327 1386 6.
340 1360 374 1371 -
392 1336 433 1391 66,
446 1337 472 1385 4.
492 1337 616 1384 tumultum
627 1328 752 1399 basidem]
771 1335 903 1383 aleatorem
914 1332 1028 1383 metuens
1039 1332 1058 1383 l.

78 1406 131 1453 Aut
147 1407 280 1454 clamorem
297 1412 341 1452 aut
358 1403 482 1453 mmultum
499 1417 546 1468 pro
558 1400 712 1466 glossemate
729 1399 874 1450 babendum
892 1415 949 1449 esse
966 1409 1061 1449 certum

78 1481 125 1521 est.
162 1469 206 1520 Set
228 1469 420 1536 grammaticum
444 1470 571 1531 quendem
593 1469 626 1517 ad
647 1470 778 1518 clemonem
804 1467 948 1532 explicandi
970 1481 1059 1517 caussa

78 1541 203 1589 uenalium
225 1538 397 1602 mscdpissc,
423 1536 540 1597 quodie
597 1535 756 1596 tiquissumis
779 1534 848 1583 libris
876 1543 915 1583 est
931 1536 1062 1586 clamorem

78 1608 117 1655 sel
131 1607 256 1654 tumultum
277 1617 368 1667 parum
386 1603 529 1666 argumenti
545 1543 608 1717 §i
626 1616 683 1650 esse
699 1603 807 1650 videtur.
825 1626 858 1636 -
875 1602 916 1660 66,
929 1605 954 1652 4.
968 1599 1061 1665 sicubi]

78 1672 153 1721 aienti
170 1671 189 1719 l.
208 1696 240 1706 -
259 1671 301 1727 61,
313 1671 338 1718 4.
357 1672 420 1718 dum
437 1684 459 1719 e.
473 1668 492 1720 1.
511 1669 550 1718 del
569 1669 603 1717 vi.
620 1691 654 1705 —
676 1669 755 1727 62,1.
774 1664 895 1733 merenti]
919 1671 1022 1718 meritae
1040 1667 1059 1717 Ι.

79 1737 132 1787 Hoc
149 1737 181 1786 ab
203 1735 304 1784 lieentia
326 1736 475 1785 correctoris
497 1736 621 1800 originem
643 1736 749 1785 duxisse
769 1737 821 1784 veri
842 1735 951 1785 similius
968 1736 1060 1794 visum,

69 1819 156 1866 v(prtem
173 1805 287 1853 merenti.
311 1828 344 1837 —
366 1802 408 1862 66,
420 1804 446 1852 4.
463 1803 542 1866 factio
565 1817 597 1851 ex
615 1802 721 1868 palmari
738 1801 853 1851 Pulmerii
872 1798 1057 1867 emendatione]

77 1872 155 1935 focile
173 1871 193 1919 1.
216 1895 250 1906 -
275 1872 317 1928 63,
329 1869 353 1919 6.
372 1871 525 1920 consolation
547 1870 617 1931 quod
638 1871 724 1921 addidi
747 1869 838 1918 delevit
855 1870 873 1918 1.
908 1868 941 1919 Ut
962 1869 1024 1919 illud
1047 1885 1061 1916 a

78 1937 180 1987 librario
199 1936 264 1986 ultro
283 1937 407 1987 adiectum
420 1938 461 1997 sit,
479 1947 563 1987 temen
577 1938 716 1986 oraticnem
728 1936 806 1985 multo
819 1936 958 2000 planiorem
970 1935 1060 1996 iacere,

79 2005 141 2066 quid
158 2004 228 2066 quod
245 2019 326 2069 paene
344 2005 515 2053 necessarium
533 2018 590 2053 esee
612 2003 706 2052 iudico.
730 2029 762 2039 -
785 2005 826 2066 64,
840 2005 864 2052 2.
883 2004 987 2067 primum
1004 2019 1061 2053 eon·

78 2080 158 2121 metuo
176 2073 277 2121 insolita
294 2087 323 2119 re
340 2070 430 2119 mirari
451 2072 504 2119 eine
525 2071 653 2119 concilium
671 2085 693 2120 c.
706 2065 739 2135 L]
760 2071 844 2134 primo
863 2086 939 2122 conen.
961 2073 1009 2123 ine.
1032 2087 1062 2120 re

78 2140 168 2186 mirari
187 2139 292 2200 primm
313 2138 368 2186 eiua
391 2138 525 2187 consilium.
549 2163 580 2171 -
604 2137 645 2194 66,
662 2139 687 2186 2.
711 2151 779 2186 neore
800 2151 857 2186 cum
875 2135 906 2203 I.]
931 2141 1011 2190 modo.
1029 2163 1061 2174 -

79 2206 159 2264 66,1.
178 2206 278 2267 aliaque
295 2219 360 2268 quae
378 2219 400 2253 c.
414 2201 444 2267 l.]
463 2206 515 2254 ulia
526 2219 598 2268 quae.
628 2203 723 2268 Recepi
734 2203 804 2264 illud,
822 2218 854 2253 ue
864 2204 929 2254 iorte
942 2204 1061 2255 Sallustio

79 2272 185 2320 nimium
203 2271 340 2332 quemdam
358 2270 515 2335 diligentiam
538 2271 638 2320 viderer
653 2270 803 2322 adfluxisse.
822 2297 854 2308 -
877 2273 956 2331 67,1.
978 2273 1061 2322 Minus

80 2338 165 2386 audax
187 2337 249 2386 milti
267 2339 338 2388 visus
358 2352 429 2397 sum,
452 2339 476 2386 sl
498 2353 542 2388 eoa
566 2339 609 2400 qui
631 2341 667 2389 ed
692 2339 818 2389 excidisse
843 2354 1013 2388 censuere-
1035 2342 1061 2388 iu

78 2406 170 2468 quibus
183 2415 271 2455 auctor
282 2404 330 2455 luit
342 2405 490 2470 scripturae,
506 2407 608 2468 quaein
621 2406 749 2456 nonnullis
762 2406 865 2455 alterius
878 2407 978 2470 generis
990 2406 1061 2457 libris

78 2474 180 2521 iuventa
193 2482 275 2523 est-
288 2489 416 2535 sequerer,
434 2475 546 2536 quamsi
564 2475 745 2538 suspicionem,
764 2483 838 2520 autea
855 2488 870 2519 a
887 2487 927 2520 me
943 2474 1062 2536 proposi-

79 2549 130 2588 tam
148 2539 328 2604 (subpleudam
345 2555 403 2589 esse
421 2542 560 2590 orationem
572 2556 655 2590 arcem
668 2566 698 2576 —-
712 2537 853 2598 obsidebat)
870 2537 1002 2586 retinerem
1020 2548 1062 2587 aut

78 2622 100 2657 e.
118 2607 138 2656 Ι.
163 2622 224 2657 arce
239 2607 389 2656 scriberem.
430 2605 544 2655 deterunt
565 2606 629 2668 supa
647 2603 815 2668 prohibebant
837 2603 893 2667 ipse
915 2603 1062 2653 iamdudum

78 2673 215 2723 edideram.
229 2698 261 2709 -
280 2674 321 2734 67,
333 2675 358 2723 6.
378 2688 412 2721 an
421 2674 541 2736 pactione
553 2678 596 2721 cut
608 2686 668 2721 eccae
685 2686 707 2721 e.
717 2665 748 2735 l.]
763 2676 807 2720 aut
815 2671 936 2734 pectione
947 2687 981 2720 an
992 2687 1061 2722 casu.

77 2763 111 2776 -
128 2739 170 2799 66,
180 2742 205 2789 2.
224 2748 330 2803 postera
347 2741 388 2790 die
406 2754 428 2789 c.
442 2735 475 2806 1.]
492 2744 599 2803 postero
617 2739 666 2788 die.
694 2737 729 2786 tt
745 2747 773 2786 ut
790 2739 866 2787 etiam
881 2747 988 2804 postera
999 2740 1063 2791 bora

77 2820 125 2871 pro
141 2812 270 2869 posteram
286 2807 374 2857 boram
389 2807 528 2872 reciperem
546 2806 577 2853 ab
588 2819 629 2854 me
640 2806 766 2869 inpetrare
778 2819 827 2855 non
840 2808 920 2870 potui.
933 2832 961 2842 -
981 2808 1022 2867 69,
1036 2809 1061 2857 2.

77 2873 173 2937 eulpam
190 2888 212 2924 c.
225 2869 257 2938 L]
275 2877 362 2939 eulpae
379 2882 407 2923 et
424 2874 500 2922 etiam
518 2874 559 2930 76,
572 2873 596 2922 6.
625 2871 662 2920 De
674 2873 794 2922 extremis
806 2873 890 2924 verbis
902 2874 922 2923 1.
936 2874 1063 2938 adlegavit

77 2939 196 2989 Momms.
211 2938 368 2990 Stedtrechte
380 2955 406 3005 p.
417 2943 467 2991 396
486 2955 511 2990 n.
522 2942 563 2990 20.
590 2938 653 2988 Mihi
665 2939 778 2988 noudum
791 2955 878 2990 omnes
891 2941 1062 2990 dubitationes

77 3015 211 3072 exemptae
223 3018 289 3058 suut.
302 3035 335 3044 -
353 3006 424 3067 722.
438 3003 618 3072 experrectus]
630 3008 729 3056 excitus
737 3008 756 3057 Ι.
779 3007 927 3056 Diomedem
940 3009 1062 3057 memorie

78 3075 178 3140 lapsum
197 3090 254 3124 esse
271 3075 334 3124 mihi
351 3077 395 3125 vix
412 3073 530 3125 credibile
541 3074 648 3123 videtur.
665 3099 699 3110 -
717 3075 758 3133 76,
771 3075 796 3124 4.
814 3077 865 3136 fuit
882 3090 903 3125 c.
915 3071 948 3140 L]
965 3077 1061 3137 suerat.

78 3168 109 3178 -
128 3143 207 3200 74,1.
221 3139 286 3209 fide]
303 3144 367 3205 fidei
377 3145 396 3192 Ι.
419 3142 599 3191 insolentiores
617 3140 713 3191 formes
731 3142 763 3190 ab
775 3141 884 3190 librariis
897 3152 990 3191 temere
1002 3157 1061 3191 con-

77 3219 186 3258 mutatas
209 3225 267 3259 esse
288 3219 396 3259 constat.
418 3234 451 3245 -
474 3211 515 3269 76,
530 3210 553 3263 1.
579 3209 669 3274 ubique
690 3205 816 3274 plerique]
842 3209 885 3258 udi
904 3212 1018 3274 plerique
1042 3210 1060 3259 Ι.

77 3274 141 3325 Illud
166 3279 191 3326 iu
215 3276 352 3342 archetypo
375 3275 457 3327 inisse
479 3291 512 3324 ex
534 3276 649 3325 codicum
672 3277 804 3340 scripturis
827 3277 977 3327 coniectanti
999 3278 1061 3325 satis

77 3341 141 3391 mihi
157 3344 210 3391 veri
222 3344 305 3393 simile
316 3345 410 3398 visum.
422 3369 455 3382 —-
473 3343 514 3401 76,
525 3343 549 3394 6.
567 3349 672 3405 praecio
683 3344 771 3404 forent
782 3358 803 3393 c.
814 3341 918 3408 Kritzio]
935 3345 1032 3404 fuerint
1041 3345 1061 3393 Ι.

77 3433 111 3443 -·
129 3409 169 3468 76,
183 3411 206 3458 6.
229 3417 254 3461 ei
276 3411 414 3461 etiamnum
436 3409 498 3459 mihi
515 3418 663 3475 suspectum
681 3418 728 3458 est.
752 3435 785 3446 —
810 3413 853 3471 77,
867 3412 892 3460 2.
909 3411 1060 3474 lupuribini,

76 3475 145 3532 quod
162 3476 220 3524 sine
237 3480 308 3528 uncis
325 3481 345 3530 Ι.
363 3478 474 3542 reliquit,
495 3474 608 3526 deforme
625 3475 754 3540 glossema
771 3492 829 3527 esse
846 3488 913 3527 recte
929 3479 1062 3542 perspexit
