2422 3854
87 108 120 153 Π
489 113 673 154 Paternum.

88 223 192 274 alterius
210 222 252 286 (0)
265 225 292 276 ln
304 233 406 278 actores
417 226 584 286 consentiant,
603 240 654 276 non
666 226 729 276 nulli
740 236 837 278 tantum
849 243 882 282 aa
899 227 948 279 hoo
959 238 1078 282 accures
1102 288 1103 292 ,

88 291 241 356 praebeant,
259 306 304 343 cnr
320 293 361 344 his
380 309 455 356 quam
474 290 523 344 lilia
540 293 624 359 magis
644 294 834 355 obsequendum
847 297 881 344 sit
892 296 1028 362 perspicio.
1040 324 1074 336 ·—

88 359 151 416 1,1.
170 356 244 416 Quod
261 360 288 408 in
305 360 324 409 P
342 377 416 426 qaae,
443 375 494 411 non
579 368 626 420 est,
653 361 679 410 ld
697 363 782 426 ipsum
799 375 841 411 me
857 364 944 424 morit,
969 373 996 413 ut
1013 364 1074 414 ller—

87 423 164 474 lachii
188 427 390 479 emendationem
411 427 508 479 retinen
528 442 568 476 am
597 435 721 493 putarem.
761 426 813 476 Nec
835 429 926 478 desunt
948 431 1073 496 exempla,

88 506 153 553 quae
170 493 197 540 in
214 493 352 560 archetypo
371 509 467 545 morem
485 495 556 544 ilium
573 493 711 553 scribendi,
732 509 783 556 quo
802 496 905 544 medem
922 496 1018 547 litterae
1035 499 1075 549 bls

87 559 222 623 ponendae
239 561 317 610 semel
335 563 447 678 scriptae
465 569 612 612 notarentur
633 561 720 627 siglis,
745 562 912 612 observatum·
929 562 1010 613 luisse
1031 566 1075 615 de·

87 630 237 677 monstrent.
249 653 282 665 -
300 632 325 690 6,
339 632 362 679 1.
404 638 414 678 t
425 631 502 679 verba
518 630 556 679 ita
567 627 637 679 brem
647 630 777 680 mutando
789 631 908 694 dispereo
922 637 999 697 atqua
1010 649 1076 699 capa

88 694 226 744 concordia
242 696 330 746 deltae
342 697 418 812 (ueta
435 703 492 746 erat
509 696 558 746 hcc
575 697 633 763 ipso
651 696 707 745 loco
726 696 865 746 inseranda
881 711 1020 764 censerem,
1043 715 1075 749 ue

88 760 125 808 eia
136 760 247 826 quidem,
265 777 331 825 qaae
355 800 362 813 .
385 758 468 813 ilerm.
482 764 520 812 Ι1
539 763 689 827 putasqq.
702 760 852 829 disputavit,
871 763 996 815 adductus
1009 780 1075 817 aum.

88 825 145 876 llon
162 826 263 880 invideo
286 831 309 880 si
332 831 390 895 qnia
408 827 513 880 Sallusti
538 843 567 877 oa
590 844 648 879 ease
669 828 820 884 contendere
837 830 942 893 audeat,
969 843 995 881 at
1017 848 1074 883 eum

87 893 247 959 Augustinus
266 911 296 946 aa
313 895 346 945 ed
363 895 535 946 inlustrandae
554 897 692 947 sententias
711 887 815 947 Sallusti
831 893 872 1012 pii.
886 898 910 956 1,
923 897 949 961 b)
969 907 993 950 et
1005 898 1075 950 Cica—

87 962 158 1011 ronis
177 961 330 1026 adhibuerit,
352 963 379 1013 iu
397 974 518 1030 promptu
536 971 575 1012 cat
592 963 719 1028 auspicari
736 978 767 1013 ea
783 963 814 1013 ab
851 965 934 1014 omine
957 966 1030 1016 docto
1049 968 1075 1016 la

88 1027 239 1078 Institutione
256 1029 396 1101 Augustini
412 1030 476 1080 banc
494 1038 596 1080 versato
619 1030 646 1079 in
667 1031 783 1096 margine
800 1032 952 1096 exemplaris
970 1033 1010 1082 soi
1029 1033 1074 1082 ad-

88 1096 195 1160 scripta,
214 1096 241 1145 ln
258 1104 355 1147 textura
372 1110 512 1162 paucorum
530 1095 651 1146 librorum
669 1096 746 1146 inlata
760 1112 824 1147 essa.
852 1095 896 1148 det
908 1099 970 1162 quid
987 1101 1074 1166 anapi-

87 1163 159 1212 eione
176 1163 313 1213 advorsum
331 1163 506 1228 suspicionem
523 1177 640 1231 pugnare
656 1165 745 1213 iurati
776 1162 945 1215 concederem
963 1165 1072 1226 facilius,

88 1230 110 1281 si
124 1227 228 1280 Sallust
248 1230 355 1280 cradoai
373 1230 469 1294 aliquid
487 1232 577 1281 deesse
594 1231 699 1296 planum
716 1230 811 1282 lactum
824 1241 898 1282 esset.
923 1233 955 1282 iit
967 1249 1000 1282 ex
1011 1235 1074 1283 Tro·

87 1297 154 1347 lania
175 1305 199 1346 et
215 1296 399 1365 Aboriginibus
417 1312 496 1348 unum
513 1297 647 1364 populum,
670 1312 732 1422 erpo
756 1298 883 1349 civitatem
900 1298 992 1380 iactam
1017 1316 1072 1350 essa

87 1377 235 1494 ttittlt
236 1365 679 1504 ‘eli'b'lff‘rs‘lli‘ssilbiiii
696 1365 861 1491 tilioli,tal
857 1365 1076 1484 11111111ἒῖ

88 1498 265 1563 pronominum
283 1499 541 1549 demonstrativorma
559 1512 630 1557 naua,
654 1506 682 1546 nt
700 1513 732 1546 ex
749 1499 909 1563 praegressis
933 1501 1073 1551 membrum

87 1564 277 1614 consecutivum
294 1575 377 1615 mente
395 1575 516 1616 teneatur.
551 1562 618 1622 Quid
636 1574 720 1614 autem
741 1563 790 1613 boe
807 1572 859 1615 est:
886 1574 914 1614 ut
931 1573 983 1614 tam
1000 1567 1074 1616 lacile

87 1630 266 1696 coalescerent,
285 1647 314 1683 eo
328 1631 443 1682 effectum
458 1641 509 1693 eat,
528 1632 597 1694 quod
614 1631 730 1681 brari-
761 1647 787 1680 er
804 1631 966 1681 concordiam
985 1633 1073 1684 civitas

88 1697 156 1748 iacta
173 1699 242 1748 eretl
261 1723 294 1734 -
316 1699 377 1759 11.
399 1698 482 1750 Semel
499 1712 601 1759 moneo,
619 1699 690 1748 utin
708 1713 737 1748 or
767 1698 892 1765 ographia
909 1700 1003 1816 ubipue
1020 1701 1074 1750 lor·

86 1765 147 1814 dani
164 1766 273 1832 vestigia
291 1781 439 1831 premerem,
457 1780 487 1817 eo
506 1767 591 1816 minus
608 1781 650 1815 me
666 1775 763 1816 motum
775 1781 840 1826 ease,
860 1768 930 1828 quod
941 1767 958 1816 il
969 1783 1012 1817 um
1024 1769 1074 1818 sibi

88 1847 136 1881 uon
149 1831 294 1884 constitisse
307 1834 426 1884 viderem.
445 1831 488 1883 Sic
499 1835 644 1898 mapntstcas
656 1833 730 1882 initio
749 1841 894 1884 constanter
911 1834 1023 1899 scripsit,
1042 1837 1073 1884 ab

87 1914 112 1965 p.
125 1902 158 1950 80
175 1899 269 1962 ubique
286 1903 445 1964 mapnnflcaa,
469 1910 493 1948 et
515 1914 572 1948 cnm
589 1900 615 1948 in
633 1914 754 1949 maxuma
776 1900 895 1949 editionis
918 1911 991 1965 parte
1008 1904 1072 1950 anti-

87 1981 151 2028 quus
169 1966 264 2015 formes
281 1967 368 2030 plebea
386 1977 410 2016 et
427 1967 511 2031 plebel
527 1966 679 2031 expulisset,
697 1967 730 2015 ad
747 1981 790 2017 aaa
802 1975 932 2031 postremo
945 1969 1026 2018 rediit.
1041 1996 1072 2005 -—

88 2033 128 2093 11,
142 2034 166 2086 l.
185 2030 343 2096 Quamquam
361 2048 437 2094 quarn
455 2048 532 2098 saepe
550 2048 564 2083 e
582 2043 606 2083 et
620 2035 643 2097 i,
661 2034 687 2082 iu
706 2034 927 2083 terminationibus
944 2049 1073 2098 maxume,

87 2099 194 2149 contusa
212 2101 272 2158 alut,
290 2101 339 2150 dici
359 2101 401 2148 vix
419 2110 512 2165 potest,
531 2115 637 2163 eamque
656 2101 688 2150 ob
706 2114 810 2149 censam
829 2103 995 2165 temperarint
1011 2103 1073 2151 scri-

88 2168 146 2216 bere
163 2183 196 2218 ne
218 2182 264 2234 pro
289 2167 464 2217 emendatione
486 2167 589 2230 quidem
611 2167 769 2226 habendum,
795 2175 879 2217 tamen
902 2183 933 2217 ne
951 2166 1073 2218 Sallustio

87 2249 156 2284 meas
176 2235 310 2300 opiniones
329 2235 463 2285 obtrudere
482 2234 587 2293 viderer,
607 2240 778 2299 temperarent
792 2249 859 2284 nnnc
871 2235 971 2294 retinui,
991 2245 1029 2286 set
1047 2245 1074 2285 ut

87 2312 153 2352 recte
170 2303 237 2354 coni.
255 2302 319 2370 lupi.
337 2302 516 2368 explicaretur,
534 2303 674 2351 membrum
695 2316 710 2350 a
727 2316 790 2366 prae
809 2317 881 2352 resso
900 2302 1018 2365 graviore
1034 2303 1074 2350 in-

87 2369 184 2419 cisione
201 2370 372 2436 seperaudnm
390 2370 487 2434 putari.
510 2395 543 2406 -
566 2369 644 2427 13,1.
662 2318 808 2433 111131ααὶ
831 2374 977 2428 contracta,
1004 2368 1074 2428 quod

87 2438 147 2498 quia
163 2438 246 2501 megla
264 2437 393 2501 poeticum
415 2444 454 2486 eat
475 2437 559 2484 reieci.
605 2432 649 2482 Set
666 2432 733 2481 intra
750 2434 836 2490 18,11
855 2433 993 2481 etiamnum
1010 2431 1074 2482 Gro-

86 2505 155 2552 novli
174 2503 375 2553 emendationem
394 2501 555 2551 antecedendo
573 2499 662 2565 probo.
681 2523 714 2533 —
733 2500 774 2558 tt,
784 2500 807 2547 1.
827 2506 950 2563 tamquam
966 2502 1074 2564 atipato·

87 2567 150 2634 rum]
171 2569 294 2619 Binaield.
312 2567 378 2617 llius.
397 2565 477 2616 Rhen.
497 2565 587 2617 xxre
605 2580 632 2630 p.
643 2565 694 2614 tue
706 2579 745 2626 aq.
764 2572 887 2630 tamqnam
903 2568 1072 2631 stipationem.

88 2660 121 2672 -
139 2636 179 2694 tt,
192 2637 215 2687 1.
234 2641 319 2685 aetate
336 2650 369 2684 ex
386 2649 462 2684 versu
479 2633 596 2695 sequenti
617 2632 724 2696 petitum
747 2645 804 2681 esse
822 2633 930 2683 lordono
953 2635 1073 2685 concedo.

88 2730 119 2740 -
139 2703 179 2762 11,
192 2704 216 2754 d.
232 2703 358 2765 facinoros
375 2698 528 2766 maturande]
547 2700 648 2764 facinere
664 2700 809 2750 maturandi
825 2700 843 2750 l.
863 2715 895 2748 ex
912 2715 937 2765 p.
957 2699 1001 2750 Set
1016 2717 1073 2750 oum

88 2769 170 2834 prima
181 2784 272 2819 manua
284 2770 311 2818 in
320 2768 339 2817 P
349 2769 450 2832 faclnna
461 2769 619 2818 mameaeda
636 2765 764 2825 exhibeat,
784 2777 867 2816 utrum
885 2767 938 2816 veri
956 2767 1072 2829 similius,

88 2837 196 2887 scribam
214 2851 280 2898 quac
297 2837 324 2885 in
341 2835 478 2900 archetypo
501 2850 548 2885 suc
571 2843 667 2893 essent,
691 2842 757 2883 recta
778 2833 862 2899 legere
884 2849 935 2883 non
959 2834 1074 2899 potuisse

88 2919 194 2966 eamque
213 2903 244 2952 ob
262 2917 365 2953 causam
383 2903 409 2951 in
427 2917 478 2952 uno
497 2902 581 2953 codice
599 2910 709 2952 aramum
728 2917 792 2960 esse,
818 2916 850 2950 an
870 2915 956 2949 omnes
976 2909 1073 2950 ceteros

88 2987 120 3022 ax
137 2970 257 3021 audacter
274 2978 390 3019 connecto
404 2970 542 3036 exemplari
555 2967 679 3019 linxisse?
692 2994 725 3004 -
744 2969 817 3032 18,1.
836 2967 884 3025 Qut
898 2969 928 3016 ob
942 2965 1073 3018 Diomedia

88 3038 163 3088 fldem
181 3047 270 3088 eontra
287 3052 373 3087 omnes
392 3036 469 3085 libros
488 3040 515 3087 ln
533 3039 588 3101 quta
605 3036 707 3094 scribat,
726 3049 811 3084 nonne
829 3035 905 3083 etiam
924 3035 1073 3085 bracmanas

88 3106 119 3154 ab
132 3106 221 3155 eodem
234 3105 353 3154 traditum
366 3118 414 3168 pro
426 3105 559 3154 carneuna
572 3104 685 3168 recipere
693 3100 811 3151 debebat
822 3127 853 3136 —
867 3102 935 3161 18‚8.
944 3099 981 3149 De
989 3102 1072 3150 verbis

89 3174 197 3237 qucd-
206 3173 346 3238 maatoerlt
357 3172 471 3235 suspicio
484 3185 540 3220 mea
552 3170 612 3219 mihi
625 3170 738 3219 nondum
756 3168 882 3232 adempta.
911 3168 1004 3219 Romae
1022 3169 1072 3218 iam

89 3239 440 3290 ined.1864reieoeram.-
459 3238 531 3299 18,6.
548 3237 680 3287 Lacunam
698 3251 755 3285 esse
773 3236 909 3285 etiamnum
927 3249 1027 3286 censeo.
1041 3262 1072 3272 ·-

90 3307 130 3367 tt,
141 3306 165 3356 1.
176 3312 234 3356 ante
246 3307 272 3355 in
286 3307 403 3354 omnibus
413 3305 483 3354 libris
500 3319 548 3369 pro
560 3311 637 3355 antea
648 3304 771 3368 scriptum
784 3316 849 3362 ease,
867 3301 952 3352 silenti
964 3303 1072 3352 lordauo

76 3372 180 3419 eredmn
187 3372 202 3418 t
209 3374 286 3433 ι-10,
292 3374 314 3424 t.
321 3373 603 3437 aetem'omnes,atrenal
612 3370 678 3427 boni,
687 3369 781 3421 nobttee
791 3376 865 3433 atque
874 3366 1034 3434 innabileall.
1041 3384 1071 3419 ea
