2422 3854
125 209 165 274 ol
297 227 341 269 oo
361 226 464 270 succo
485 224 686 271 rvovcusmo
708 224 735 267 o.
758 215 801 270 41.
824 214 868 270 42.
890 215 936 270 43,

124 373 220 455 plebis
242 375 285 436 vis
305 371 399 434 soluta
421 380 507 452 atque
528 373 659 450 dispersa
675 373 705 432 in
726 369 912 434 multitudine
931 370 1029 432 minus
1051 388 1106 450 po·

98 465 209 519 ¹Iterat.
244 457 412 518 Paucorum
433 456 552 517 arbitrio
574 455 644 516 belli
661 454 797 533 domique
813 453 990 532 agitabatur:
1013 471 1107 532 penes

9 601 12 606 .
126 541 245 605 eosdem
266 540 412 602 aerarium
426 540 594 617 provinciae
610 539 805 615 magistratus,
824 536 936 617 gloriae
950 537 1107 617 triumphi·

126 643 183 704 que
205 630 297 693 erant,
316 621 442 702 populus
463 621 563 687 militia
577 628 665 700 atque
683 623 779 700 inopia
799 621 999 698 urguebatur:
1018 639 1107 700 prae·

101 709 179 771 8das
207 706 326 769 bellicas
345 707 537 784 imperatores
566 722 633 785 cum
654 707 756 783 paucis
777 704 965 783 diripiebant:
990 705 1128 769 intereas

124 797 261 871 parentas
273 796 323 852 aut
333 790 416 868 parvi
429 787 514 850 liberi
527 789 660 859 militurn,
672 790 715 851 uti
726 790 848 868 quisque
862 790 1020 866 potentiori
1034 807 1105 850 con-

99 876 190 939 sonis
213 880 284 944 erat,
305 872 424 934 sedibus
444 871 637 951 pellebantur.
682 871 725 933 lta
747 890 814 933 cum
835 874 964 950 potentia
986 874 1106 934 avaritia

125 959 188 1019 sino
200 957 289 1019 modo
303 956 503 1035 modestiaque
517 956 664 1026 invadere,
681 954 814 1034 polluere
831 961 861 1017 et
873 962 986 1018 emtore
997 957 1104 1025 omnia,

124 1041 197 1103 nihil
213 1042 297 1118 pensi
318 1057 414 1118 noque
429 1041 521 1099 sancti
535 1038 660 1107 habere,
683 1039 780 1116 quoad
798 1041 971 1118 semetipsa
991 1040 1105 1118 praeci·

84 1131 117 1182 10
127 1126 235 1204 pitavit.
256 1123 330 1183 Nam
341 1122 391 1182 ubi
402 1123 529 1198 primum
540 1140 576 1182 ex
586 1120 735 1183 nobilitate
745 1124 856 1201 roperti
867 1130 937 1186 sunt
945 1123 995 1201 qui
1005 1140 1106 1185 veram
1116 1139 1140 1183 ro

127 1208 249 1285 gloriam
270 1207 393 1265 iniustae
414 1205 560 1282 potentiae
581 1210 807 1283 anteponerent,
827 1207 938 1268 moveri
956 1206 1055 1267 civitas
1079 1214 1108 1266 et

75 1284 116 1346 42
127 1291 267 1356 dissensio
288 1288 376 1350 civilis
397 1290 480 1366 quasi
497 1289 651 1365 permixtio
676 1295 774 1350 terrae
796 1291 868 1351 oriri
885 1291 989 1368 eoepit.
1031 1288 1107 1350 Nam

125 1381 280 1453 postquam
294 1371 430 1432 Tiberius
448 1377 477 1432 et
490 1371 524 1432 G.
539 1370 698 1441 Gracchus,
714 1390 841 1450 quorum
854 1375 980 1435 maiores
993 1372 1107 1435 Punico

126 1464 213 1536 atque
228 1455 291 1516 aliis
307 1454 390 1516 bellis
405 1453 529 1517 multum
548 1456 592 1516 rei
607 1454 742 1533 publicae
759 1455 940 1526 addiderant,
957 1456 1106 1517 vindicare

125 1540 241 1620 plebem
262 1541 293 1600 in
313 1538 479 1599 libertatem
499 1547 527 1599 et
548 1556 710 1616 paucorum
729 1539 841 1601 scelera
855 1539 1022 1617 patefacere
1038 1551 1139 1601 coe-u

125 1642 206 1703 pere,
230 1621 365 1683 nobilitas
380 1623 466 1681 noxia
483 1628 569 1700 atque
585 1639 620 1682 eo
636 1621 771 1700 perordsa
786 1621 873 1682 modo
887 1640 941 1699 per
958 1623 1056 1684 socios
1072 1640 1107 1684 eo

125 1723 234 1767 nomen
248 1706 392 1774 Latinum,
408 1704 554 1766 interdum
569 1722 623 1783 per
638 1707 749 1784 equites
763 1705 920 1774 Romanos,
943 1722 1017 1782 quos
1037 1722 1107 1782 spes

125 1791 298 1851 societatisa
311 1787 398 1867 plebe
413 1788 587 1860 dimoverat,
603 1789 805 1851 Gracchorum
816 1787 979 1851 actionibus
990 1787 1107 1851 obviam

123 1879 213 1943 ierat,
234 1880 263 1933 et
283 1873 378 1950 primo
400 1871 559 1943 Tiberium,
579 1873 646 1936 dein
665 1890 776 1951 paucos
795 1881 862 1951 post
889 1889 981 1933 annos
1004 1872 1107 1935 eadem

124 1956 337 2033 ingredientem
349 1955 461 2025 Gaium,
475 1957 626 2017 tribunum
638 1955 770 2025 alterum,
783 1956 907 2018 alterum
921 1957 1139 2017 triumvirumeo

126 2039 246 2100 coloniis
258 2038 454 2108 deducundiS,
473 2058 539 2100 cum
550 2039 587 2099 bl.
603 2038 705 2100 Fulvio
720 2038 826 2100 Flacco
844 2038 923 2099 forro
939 2046 1104 2100 necaverat.

102 2123 164 2183 alit
185 2140 255 2183 sane
275 2122 415 2184 Gracchis
436 2123 571 2200 cupidine
591 2122 728 2183 victoriae
750 2121 822 2183 baut
846 2124 915 2184 satie
936 2123 1105 2185 moderatus

101 2207 239 2265 canimus
252 2205 314 2265 luit.
349 2205 400 2265 Set
420 2204 498 2267 bono
515 2207 589 2267 vinei
602 2207 691 2266 satius
704 2212 748 2266 est
762 2224 849 2286 quam
868 2205 944 2267 malo
962 2224 1046 2268 more
1060 2208 1105 2268 in·

101 2289 231 2349 siuriam
246 2290 372 2349 vincere.
417 2288 509 2365 Igitur
525 2308 558 2351 ea
572 2290 691 2351 victoria
708 2289 844 2351 nobilitas
858 2307 894 2351 ex
907 2288 1038 2351 lubidine
1052 2307 1106 2351 sua

125 2389 178 2434 usa
195 2371 301 2435 multos
317 2371 447 2435 mortalis
462 2371 542 2434 lerro
560 2380 609 2434 aut
624 2372 693 2450 iuga
708 2375 828 2435 extinxit
842 2373 966 2453 plusque
989 2374 1018 2434 in
1036 2372 1138 2435 reli-e

127 2475 194 2519 cnm
209 2457 265 2518 sibi
278 2460 391 2519 timoris
407 2475 493 2536 quam
510 2459 656 2535 potentiae
671 2455 789 2518 addidit.
821 2457 960 2529 Quaeres
974 2455 1106 2535 plerum·

126 2559 183 2620 que
204 2557 324 2618 magnas
343 2543 470 2602 civitates
490 2558 609 2618 pessum
625 2540 712 2610 dedit,
736 2541 806 2603 dum
822 2539 905 2602 elteri
920 2540 1028 2602 alteros
1043 2543 1106 2602 vin·

126 2642 194 2685 cere
219 2626 321 2703 quovis
340 2624 427 2684 modo
446 2630 475 2684 et
489 2625 579 2684 victos
593 2624 728 2684 acerbius
742 2623 846 2685 ulcisci
859 2623 968 2688 volunt.
1002 2624 1054 2685 Set
1070 2624 1107 2686 de

126 2707 228 2766 studiis
248 2710 375 2784 partium
395 2715 425 2768 et
444 2707 538 2767 omnis
552 2709 672 2766 civitatis
686 2706 818 2769 moribus
833 2708 858 2768 si
873 2706 1040 2787 singulatim
1054 2715 1106 2768 aut

126 2804 181 2864 pro
204 2791 403 2865 magnitudine
424 2807 525 2868 parem
545 2789 705 2859 disserere,
727 2797 842 2869 tempus
864 2810 950 2871 quam
974 2808 1023 2853 res
1042 2807 1139 2854 maso

99 2872 222 2931 cturius
242 2890 290 2932 me
310 2872 434 2933 deserat.
478 2872 572 2944 Quam
594 2871 631 2933 ob
652 2891 716 2935 rem
736 2872 774 2935 ad
791 2877 940 2955 inceptum
961 2874 1061 2935 redeo.

78 2952 121 3016 43
196 2953 266 3015 Post
275 2954 453 3015 Auliioedus
463 2956 669 3032 exercitusque
679 2957 774 3016 nostri
785 2954 900 3019 foedam
911 2953 1121 3031 legemodic-

132 3034 217 3097 tellus
235 3044 264 3098 et
275 3037 313 3098 Μ.
326 3035 444 3098 Silanus
456 3037 591 3100 consules
607 3038 644 3100 de
659 3046 778 3102 senatus
794 3039 937 3101 sententia
953 3039 1121 3115 provincias

127 3127 204 3188 inter
219 3144 251 3188 se
264 3128 449 3205 partiverant,
462 3127 636 3208 Metelloque
651 3130 785 3193 Numidia
800 3137 951 3200 evenerat,
968 3132 1030 3191 acri
1043 3132 1107 3192 viro

129 3216 158 3271 et
178 3229 354 3290 quamquam
376 3211 499 3273 advorso
519 3212 621 3291 populi
634 3216 761 3292 partium
780 3214 856 3275 lama
876 3219 975 3275 tamen
998 3231 1137 3294 aeque-ss

103 3293 180 3355 ebrii
208 3302 236 3356 et
256 3296 398 3357 inviolata.
450 3295 478 3356 ls
499 3295 550 3358 ubi
572 3299 700 3376 primum
728 3299 928 3374 magistratum
956 3300 1107 3375 ingressus

130 3384 187 3444 est,
210 3377 264 3438 alia
283 3382 379 3441 omnia
400 3380 455 3441 sibi
478 3400 545 3442 cum
567 3382 689 3459 conlega
710 3389 804 3451 ratus,
828 3381 864 3442 ad
883 3380 1008 3452 bellum,
1028 3383 1106 3462 quod

90 3466 261 3530 egestates
274 3471 346 3537 orat,
362 3466 493 3531 animum
509 3466 640 3529 intendit.
662 3465 753 3543 lgitur
769 3465 903 3528 diffidens
915 3467 1006 3529 veteri
1023 3485 1106 3528 exer·
