2422 3854
272 214 315 255 on
337 213 439 256 sunno
461 212 660 256 ruovaruruo
683 214 710 256 o.
733 205 775 260 43.
795 207 837 261 tt.
859 211 901 262 to.
1035 203 1074 264 65

97 362 175 431 citui,
199 360 305 422 milites
328 360 459 422 scribere
484 362 629 441 praesidia
654 364 782 441 undique
810 382 971 434 accersere,
995 383 1076 427 arina

96 443 163 515 tela,
183 461 275 522 equos
296 457 326 504 et
346 450 443 505 cetera
464 446 656 506 instrumenta
677 445 794 507 militiae
817 465 938 524 parare,
961 447 998 508 ad
1019 449 1076 510 hoc

98 537 283 588 conmeatum
298 527 431 597 adfatim,
447 528 573 607 denique
588 531 698 599 omnia,
719 548 793 608 quae
810 533 840 591 in
856 530 935 592 bello
950 533 1029 592 vario
1047 540 1076 593 et

97 610 256 672 multarum
276 629 377 672 rerum
394 613 491 691 egenti
511 614 578 673 usui
600 629 664 672 esse
685 612 787 673 solent
833 613 970 676 Ceterum
989 614 1102 679 adeat

73 695 238 774 epatranda
258 704 376 757 senatus
397 697 583 764 auctoritate,
606 697 679 756 socii
697 713 864 776 nomenque
890 698 1026 758 Latinum
1047 707 1076 758 et

96 795 182 855 reges
196 778 273 838 ultro
291 778 397 846 auxilia
411 779 566 861 mittendo,
576 788 725 856 postremo
740 781 834 840 omnis
849 782 947 841 civitas
960 799 1075 842 summo

95 861 191 923 studio
204 861 398 923 adnitebatur.
432 861 533 939 ltaque
548 881 585 922 ex
605 865 747 923 sententia
764 862 900 924 omnibus
917 863 1007 924 rebus
1021 875 1099 943 pat-5

95 946 165 1006 ratis
185 945 402 1024 conpositisque
423 947 454 1005 in
475 944 639 1007 Numidiam
660 946 870 1024 proficiscitur,
898 964 1004 1024 magna
1023 965 1075 1025 spe

96 1029 200 1089 civium
222 1047 290 1089 cum
310 1037 433 1107 propter
449 1030 520 1089 artis
533 1028 626 1090 bonas
640 1038 703 1089 tum
721 1047 857 1090 maxume
873 1031 952 1107 quod
972 1030 1075 1090 adror-

61 1129 85 1168 ιο
95 1129 161 1171 snm
179 1111 290 1172 dutus
307 1112 446 1173 invictum
459 1113 588 1172 animum
606 1111 728 1188 gerebat
742 1123 771 1173 et
788 1114 907 1174 avaritia
923 1113 1075 1191 magistra·

95 1205 178 1256 tuum
202 1202 269 1256 ante
296 1195 326 1254 id
353 1204 468 1273 tempus
490 1195 521 1254 in
544 1194 678 1255 Numidia
700 1203 817 1256 nostrae
842 1214 912 1274 opes
935 1202 1074 1257 contusae

12 1293 16 1300 ·
94 1278 279 1355 hostiumque
301 1285 403 1337 auctae
425 1286 516 1337 erant.

178 1360 230 1419 Set
249 1359 301 1419 ubi
319 1360 349 1418 in
369 1359 496 1419 diricam
519 1362 611 1427 venit,
633 1362 777 1420 exercitus
796 1363 823 1421 ei
843 1364 967 1422 traditur
989 1381 1005 1422 a
1024 1362 1074 1440 Sp.
1084 1362 1124 1422 tt

10 1507 13 1514 ,
94 1441 200 1503 Albino
220 1459 275 1519 pro
305 1441 424 1502 consule
448 1443 529 1502 iners
555 1441 683 1513 inbellis,
711 1460 807 1520 neque
835 1442 959 1520 periculi
978 1462 1074 1523 neque

60 1539 85 1582 te
95 1525 204 1586 laboris
222 1527 351 1602 patiens,
373 1523 472 1602 lingua
491 1543 578 1603 quam
600 1543 688 1586 manu
707 1527 886 1603 promptior,
916 1527 1075 1605 praedator

24 1659 26 1663 .
95 1628 131 1670 ex
153 1608 240 1670 sociis
260 1619 290 1669 et
310 1609 372 1684 ipse
386 1608 497 1685 praeda
511 1608 654 1677 hostium,
674 1609 736 1669 sine
746 1610 872 1688 imperio
886 1618 914 1670 et
932 1609 1073 1670 modestia

93 1692 218 1752 babitus.
254 1692 299 1752 ita
312 1692 485 1769 imperatori
499 1710 575 1752 novo
588 1689 655 1770 plus
669 1711 705 1752 ex
720 1691 803 1754 malis
817 1691 950 1755 moribus
967 1692 1099 1754 sollici-2

94 1775 201 1835 tudinis
223 1792 312 1852 quarn
327 1791 363 1834 ex
378 1777 461 1853 copia
475 1774 600 1836 militurn
621 1775 708 1836 auxili
721 1783 771 1836 aut
792 1777 856 1854 spei
874 1776 970 1837 bonae
986 1777 1071 1837 adce-

94 1857 190 1918 debat.
232 1857 337 1918 Statuit
363 1864 460 1917 tamen
480 1856 626 1928 Metellus,
654 1876 831 1936 quarnquam
852 1865 881 1918 et
896 1860 1098 1925 aestivoruma

60 1957 84 1999 u
94 1949 210 2019 tempus
221 1941 405 2003 comitiorum
417 1959 500 2002 mora
511 1942 688 2003 inminuerat
698 1952 727 2002 et
738 1942 937 2019 expectatione
954 1951 1073 2003 eventus

95 2025 200 2085 civium
220 2024 333 2086 animos
358 2026 485 2086 intentos
503 2024 639 2104 putabat,
667 2043 726 2085 non
748 2027 828 2103 prius
850 2023 960 2085 bellum
979 2025 1072 2085 adtin-

93 2124 164 2183 gere
186 2127 273 2186 qnam
295 2110 441 2170 maiorum
461 2108 613 2187 disciplina
634 2109 739 2171 milites
761 2108 897 2170 laborare
919 2109 1071 2185 coegisset.

93 2189 167 2250 Nam
187 2191 323 2260 Albincu,
351 2192 416 2252 Auli
444 2193 542 2254 fratris
565 2193 767 2272 exercitusque
797 2191 879 2253 clade
903 2191 1097 2271 perculsus,t

93 2283 247 2351 postquam
268 2275 438 2336 decreverat
451 2294 511 2336 nou
533 2275 634 2351 egredi
653 2277 818 2352 provincia,
841 2284 983 2352 quantum
998 2284 1071 2336 tern-

58 2377 82 2419 u
94 2357 174 2434 poris
189 2359 364 2418 aestivorum
380 2358 411 2416 in
422 2357 547 2438 imperio
561 2357 623 2426 luit,
641 2357 814 2434 plerumque
835 2356 941 2416 milites
963 2359 1072 2417 stativis

93 2441 196 2500 castris
216 2439 358 2508 habebat,
381 2441 437 2500 nisi
460 2458 527 2500 oum
550 2440 621 2500 odos
642 2449 692 2499 aut
712 2440 813 2516 pabuli
839 2445 952 2515 egestas
973 2438 1071 2500 locum

92 2532 206 2585 mutare
223 2523 389 2600 subegerat.
413 2523 464 2584 Set
490 2539 587 2599 neque
615 2521 840 2591 muniebantur,
870 2540 966 2601 neque
986 2531 1094 2583 moneo

92 2605 209 2669 militari
220 2607 331 2685 rigidae
350 2607 587 2668 deducebantur:
604 2607 644 2666 uti
656 2607 762 2684 cuique
777 2604 911 2675 lubebat,
928 2605 965 2666 ab
981 2606 1071 2682 signis

93 2689 210 2751 aberat:
227 2691 302 2752 lixae
317 2693 454 2769 permixti
467 2709 533 2752 cum
548 2688 686 2751 militibus
699 2691 747 2750 diu
763 2696 914 2768 noctuque
925 2687 1069 2765 vagaban-

57 2783 157 2837 aotur:
180 2780 209 2834 et
222 2773 352 2850 palantes
371 2792 458 2852 agros
479 2782 599 2844 vastare,
621 2773 701 2834 villas
717 2789 895 2850 expugnare,
912 2774 1027 2852 pecoris
1041 2780 1070 2834 et

92 2857 306 2935 mancipiorum
327 2859 450 2934 praedas
472 2865 617 2919 certantes
639 2875 740 2935 agere,
764 2872 857 2937 eaque
871 2864 986 2918 mutare
1002 2875 1068 2919 cum

93 2939 307 3001 mercatoribus
321 2940 386 3000 rino
408 2941 558 3002 advectitio
574 2950 603 3001 et
616 2939 679 3002 aliis
700 2939 816 3013 talibus,
840 2947 993 3019 praeterea
1008 2941 1069 3002 iru-

93 3029 224 3084 mentum
245 3021 363 3102 publice
386 3022 486 3085 datum
508 3024 644 3094 vendere,
664 3042 771 3102 panern
793 3026 823 3084 in
844 3024 906 3086 dies
927 3025 1068 3085 mereari:

92 3114 242 3185 postremo
257 3124 449 3186 quaeeunque
471 3107 528 3167 diei
541 3113 592 3167 aut
611 3108 682 3185 fingi
700 3115 810 3188 queruit
831 3109 962 3186 ignaviae
984 3107 1068 3166 luxu-

58 3191 212 3269 aeriaeque
233 3192 356 3268 probra,
378 3192 408 3250 in
427 3189 476 3251 illo
500 3192 629 3252 exercitu
650 3199 754 3252 cuncta
775 3191 859 3252 suere
882 3196 911 3250 et
931 3189 985 3250 alia
1007 3207 1067 3250 am·

93 3273 177 3352 plius.
222 3273 273 3333 Set
292 3276 322 3334 in
343 3294 377 3336 ea
398 3273 565 3335 difficultate
579 3273 726 3335 Metellum
748 3293 806 3335 non
821 3274 917 3333 minus
938 3291 1025 3352 quam
1038 3273 1118 3335 into

94 3357 183 3418 rebus
204 3357 357 3419 hostilibus
370 3376 509 3436 magnum
525 3362 552 3419 et
567 3359 726 3436 sapientem
747 3360 841 3418 vuum
856 3356 944 3417 tuisse
960 3374 1067 3436 conpe-

94 3442 169 3502 rior:
187 3448 266 3506 tanta
280 3445 471 3522 temperantia
493 3442 568 3503 inter
583 3440 770 3502 ambitionem
782 3439 993 3517 saeuitiamuxe
1004 3459 1074 3498 uxo-

140 3537 275 3593 Sacxosr.
915 3543 943 3598 ‘a
