2422 3854
123 193 182 253 120
228 218 230 222 ¹
390 206 573 251 onarrours
594 207 635 248 er
654 205 833 250 erraremus

86 356 193 419 amala
206 373 273 417 mea
296 372 363 417 cum
383 353 468 414 honis
490 356 547 415 tuis
557 337 674 414 misceri
693 371 819 431 sperem.
841 355 935 432 Atque
952 367 995 419 ea,
1021 368 1097 429 quae

119 449 149 502 te
170 440 280 500 morari
299 455 385 517 posse
406 437 555 507 videntur,
584 438 628 497 ira
652 438 682 497 in
703 436 860 514 Tigranem
880 435 1005 498 recentis
1026 431 1098 495 belli

121 533 150 587 et
171 540 254 584 meac
279 539 328 583 res
348 538 453 598 parum
477 537 652 599 prosperae,
675 522 699 581 si
720 538 789 581 vera
812 521 986 581 existumare
1007 516 1095 585 voles,

85 617 254 668 tmuume
275 603 480 674 hortabuntur
503 603 554 671 ssle
572 605 650 664 enim
668 603 810 664 obnoxius
831 602 946 684 qualem
968 610 1000 663 tu
1018 599 1098 661 voles

119 691 286 751 societatem
315 687 451 765 arripiet:
424 687 554 748 tmihi
576 686 707 756 fortuna,
741 685 838 748 multis
861 680 951 747 rebus
980 685 1123 764 emptica

119 791 205 834 usum
228 773 307 834 dedit
328 771 405 833 hene
426 770 566 830 suadenda
605 778 648 840 et,
672 771 751 849 quod
772 769 945 832 florentibus
970 765 1097 848 optabile

120 864 172 927 est,
197 874 251 934 ego
272 873 332 915 non
352 852 556 914 validissumus
576 853 704 931 praebeo
720 853 893 932 exemplum,
916 870 974 932 quo
989 853 1097 916 rectius

119 948 168 1001 tua
191 956 347 1000 cenonas.

85 1033 101 1083 5
204 957 335 1101 Nalquue
356 1020 493 1082 Romanis
505 1038 572 1081 eum
584 1020 748 1082 nationibus
758 1021 873 1098 populis
890 1021 1008 1098 regibus
1026 1037 1097 1081 cun·
1134 1051 1136 1055 ν

121 1108 174 1168 ctis
193 1123 250 1166 una
272 1112 301 1166 et
323 1123 356 1165 ea
377 1111 459 1164 vetus
484 1121 571 1167 causa
601 1102 728 1165 bellandi
743 1111 801 1172 est,
825 1104 930 1181 cupido
951 1103 1132 1183 profundam

119 1188 225 1267 imperi
240 1196 268 1249 et
288 1188 459 1248 divitiarum.
503 1186 566 1258 Qua
591 1187 687 1264 primo
714 1204 781 1247 cum
805 1204 876 1265 rege
905 1186 1097 1249 Macedonum

120 1272 253 1351 Philippo
268 1269 379 1331 bellum
398 1285 559 1346 sumpsere,
579 1269 649 1330 dum
675 1287 692 1329 a
720 1269 1004 1347 Carthaginiensibus
1029 1287 1098 1348 pre·

87 1368 103 1420 6
120 1357 276 1418 mehantur
288 1353 442 1417 amicitiam
454 1352 630 1413 simulantes.
648 1352 683 1413 Ei
693 1353 912 1415 subvenientem
924 1353 1099 1415 Antiochum

121 1442 310 1502 concessione
324 1437 407 1498 Asiae
424 1453 478 1514 per
495 1435 593 1497 dolum
609 1444 755 1506 avortere,
776 1455 809 1498 ac
829 1455 897 1498 mox
919 1437 1011 1498 fracto
1030 1437 1098 1499 Phi·

120 1524 199 1602 lippo
214 1522 374 1584 Antiochus
396 1520 476 1580 omni
497 1521 537 1581 cis
561 1520 691 1582 Taurum
713 1537 784 1598 agro
806 1528 835 1582 et
859 1522 961 1582 decem
981 1519 1099 1581 milibus
1107 1535 1132 1577 n

86 1608 296 1672 atalentorum
319 1602 459 1684 spoliatus
481 1610 533 1664 est
576 1603 685 1664 Persen
707 1604 826 1675 deinde,
848 1604 972 1682 Philippi
995 1603 1096 1672 filium,

121 1700 187 1769 post
208 1689 298 1750 multa
316 1696 345 1747 et
360 1687 439 1747 varia
454 1687 611 1746 certamina
625 1686 703 1765 apud
717 1651 920 1749 Samothracas
931 1688 1002 1747 deos
1014 1704 1097 1746 acce·

121 1781 203 1853 ptum
221 1774 252 1832 in
269 1771 371 1839 fidem,
397 1768 491 1830 callidi
513 1776 541 1829 et
560 1768 727 1847 repertores
747 1770 900 1849 perfidiae,
925 1772 991 1849 quia
1013 1778 1099 1849 pacto

87 1877 104 1926 8
122 1859 208 1917 utam
230 1854 403 1922 dederant,
394 1854 545 1913 msomuiis
561 1853 703 1915 occidere.
738 1852 908 1924 Eumenem,
928 1854 1085 1914 cuiusamr

123 1941 218 2000 citiam
243 1937 368 2015 gloriose
384 1942 542 2005 ostentant,
563 1937 643 1997 initio
664 1936 822 2034 prodidere
842 1937 997 2006 Antiocho,
1020 1938 1133 2033 pacisce

123 2022 303 2089 mercedem,
328 2028 409 2100 post,
432 2018 563 2079 habitum
585 2021 733 2080 custodes
753 2022 816 2096 agri
837 2022 955 2098 captivi,
978 2021 1098 2097 sumpti·
1126 2045 1131 2056 ·

123 2106 178 2166 bus
199 2112 228 2164 et
243 2101 425 2164 contumeliis
442 2119 478 2162 ex
496 2118 566 2178 rege
580 2105 786 2179 miserrumum
806 2120 958 2166 servorum
976 2103 1108 2167 effecere,

124 2187 316 2264 simulatoque
339 2185 417 2261 inpio
438 2190 610 2245 testamento
621 2185 712 2247 fihum
733 2189 794 2247 eius
808 2187 1011 2256 Aristonicum,
1033 2188 1098 2265 quia

123 2271 249 2348 patrium
271 2286 395 2346 regnum
413 2269 567 2346 petiverat,
589 2269 716 2330 hostium
737 2286 820 2331 more
841 2288 894 2348 per
918 2270 1097 2347 triumphurn

89 2356 250 2418 eduxere:
279 2354 345 2413 Asia
374 2351 410 2412 ab
438 2353 508 2429 ipsis
530 2350 647 2413 obsessa
669 2360 721 2413 est.
757 2353 908 2414 Postremo
936 2352 1133 2432 Bithyniamu

123 2437 281 2498 Nicomede
303 2442 419 2495 mortuo
440 2436 602 2513 diripuere,
626 2455 692 2496 cum
713 2435 789 2496 filius
804 2435 893 2516 Nysa,
916 2456 1003 2515 quam
1022 2439 1100 2514 regi·

76 2534 106 2586 to
123 2538 190 2580 nam
212 2517 419 2596 adpeNaverat,
441 2519 556 2595 genitus
571 2519 642 2580 haut
658 2519 746 2580 dubie
764 2528 848 2580 esset.
872 2520 945 2580 Nam
963 2521 1032 2599 quid
1044 2537 1099 2597 ego

123 2623 171 2665 me
188 2601 352 2682 adpellem?
377 2619 464 2679 quem
486 2602 645 2662 dhunctum
668 2604 797 2681 undique
825 2604 923 2679 regnis
946 2613 974 2663 et
995 2611 1099 2664 tetrar-

124 2687 195 2747 chiis
215 2686 251 2747 ah
265 2687 391 2766 imperio
406 2702 517 2755 eorum,
539 2688 606 2763 quia
619 2686 696 2747 sama
713 2696 776 2748 erat
793 2686 910 2746 divitem
927 2704 1023 2765 neque
1037 2704 1100 2748 ser·

123 2771 250 2830 viturum
271 2787 343 2839 esse,
366 2786 420 2847 per
438 2768 626 2830 Nicomedem
644 2769 721 2830 hello
740 2770 960 2840 lacessiverunt,
981 2770 1134 2831 scelerissa
1161 2795 1164 2799 ·

125 2870 227 2913 eorum
247 2852 319 2913 haut
331 2854 465 2930 ignarum
500 2860 528 2913 et
543 2871 585 2923 ea,
602 2871 676 2931 quae
693 2854 835 2924 accidere,
848 2861 994 2915 ,testatum
1015 2862 1100 2912 antea

126 2935 387 3008 Cretensis,solos
408 2937 538 2996 omnium
558 2935 667 2997 liberos
689 2956 722 2998 ea
743 2945 930 3017 tempestate,
951 2945 979 2998 et
999 2953 1100 3013 regem

78 3030 106 3081 11
124 3018 330 3081 Ptolemaeum
352 3020 460 3097 Atque
466 3035 520 3095 ego
535 3017 612 3079 ultus
632 3021 751 3082 iniurias
765 3021 952 3083 Nicomedem
967 3019 1101 3096 Bithynia

125 3103 221 3198 expuli
238 3103 407 3179 Asiamque,
428 3092 553 3182 spolium
575 3106 652 3182 regis
672 3105 820 3176 Antiochi,
843 3105 990 3183 recepiet
977 3102 1101 3164 t·Grae

79 3197 107 3248 12
126 3187 186 3245 ciae
212 3184 324 3261 dempsi
344 3202 431 3261 grave
449 3189 607 3248 servitium.
629 3188 747 3267 Incepta
767 3207 831 3250 mea
852 3196 1016 3267 postremus
1038 3204 1100 3247 ser-
1111 3207 1133 3246 u
1169 3198 1174 3206 ’

125 3285 228 3328 vorum
247 3266 407 3327 Archelaus
428 3272 558 3331 exercitu
577 3273 693 3350 prodito
718 3273 870 3349 inpedivit:
899 3270 1006 3346 illique,
1027 3286 1101 3346 quos

125 3351 236 3427 ignavia
258 3357 307 3410 aut
327 3367 416 3428 prava
440 3349 592 3423 calliditas,
615 3361 649 3416 ut
664 3356 736 3415 meis
749 3353 898 3415 laboribus
919 3355 973 3414 tuti
994 3360 1099 3419 essent,

125 3434 213 3493 umis
233 3432 381 3503 abstinuit,
401 3433 612 3497 acerbissumas
638 3455 749 3515 poenas
768 3436 896 3507 solvunt,
918 3434 1101 3498 Ptolemaeus

108 3612 177 3623 ..ι-ιι..
