<?xml version="1.0" encoding="UTF-8"?>
<!DOCTYPE html PUBLIC "-//W3C//DTD XHTML 1.0 Transitional//EN"
    "http://www.w3.org/TR/xhtml1/DTD/xhtml1-transitional.dtd">
<html xmlns="http://www.w3.org/1999/xhtml" xml:lang="en" lang="en">
 <head>
  <title>
</title>
<meta http-equiv="Content-Type" content="text/html;charset=utf-8" />
  <meta name='ocr-system' content='tesseract 3.04.00' />
  <meta name='ocr-capabilities' content='ocr_page ocr_carea ocr_par ocr_line ocrx_word'/>
</head>
<body>
  <div class='ocr_page' id='page_1' title='image "./libridecatilina02sallgoog_0140.png"; bbox 0 0 2422 3854; ppageno 0'>
   <div class='ocr_carea' id='block_1_1' title="bbox 360 222 1075 285">
    <p class='ocr_par' dir='ltr' id='par_1_1' title="bbox 360 222 1075 285">
     <span class='ocr_line' id='line_1_1' title="bbox 360 222 1075 285; baseline 0.003 -2"><span class='ocrx_word' id='word_1_1' title='bbox 360 243 402 284; x_wconf 80' lang='lat' dir='ltr'>nx</span> <span class='ocrx_word' id='word_1_2' title='bbox 423 239 588 285; x_wconf 78' lang='lat' dir='ltr'>srsrosrrs</span> <span class='ocrx_word' id='word_1_3' title='bbox 610 241 807 285; x_wconf 69' lang='lat' dir='ltr'>exornares.</span> <span class='ocrx_word' id='word_1_4' title='bbox 1017 222 1075 285; x_wconf 78' lang='lat'>121</span> 
     </span>
    </p>
   </div>
   <div class='ocr_carea' id='block_1_2' title="bbox 52 387 1196 3476">
    <p class='ocr_par' dir='ltr' id='par_1_2' title="bbox 52 387 1196 3476">
     <span class='ocr_line' id='line_1_2' title="bbox 98 387 1079 469; baseline 0.002 -21"><span class='ocrx_word' id='word_1_5' title='bbox 98 390 198 467; x_wconf 91' lang='lat' dir='ltr'>precio</span> <span class='ocrx_word' id='word_1_6' title='bbox 210 390 240 449; x_wconf 95' lang='lat' dir='ltr'>in</span> <span class='ocrx_word' id='word_1_7' title='bbox 253 388 314 450; x_wconf 88' lang='lat' dir='ltr'>dics</span> <span class='ocrx_word' id='word_1_8' title='bbox 331 387 441 450; x_wconf 81' lang='lat' dir='ltr'>bobum</span> <span class='ocrx_word' id='word_1_9' title='bbox 462 390 626 468; x_wconf 82' lang='lat' dir='ltr'>prolatam,</span> <span class='ocrx_word' id='word_1_10' title='bbox 647 390 800 452; x_wconf 82' lang='lat' dir='ltr'>Cretenses</span> <span class='ocrx_word' id='word_1_11' title='bbox 815 392 967 469; x_wconf 86' lang='lat' dir='ltr'>inpugnati</span> <span class='ocrx_word' id='word_1_12' title='bbox 987 388 1079 452; x_wconf 90' lang='lat' dir='ltr'>semel</span> 
     </span>
     <span class='ocr_line' id='line_1_3' title="bbox 98 472 1129 552; baseline 0.003 -20"><span class='ocrx_word' id='word_1_13' title='bbox 98 472 272 550; x_wconf 88' lang='lat' dir='ltr'>iamneque</span> <span class='ocrx_word' id='word_1_14' title='bbox 292 473 380 533; x_wconf 87' lang='lat' dir='ltr'>finem</span> <span class='ocrx_word' id='word_1_15' title='bbox 401 474 456 534; x_wconf 91' lang='lat' dir='ltr'>nisi</span> <span class='ocrx_word' id='word_1_16' title='bbox 471 473 582 534; x_wconf 83' lang='lat' dir='ltr'>excidio</span> <span class='ocrx_word' id='word_1_17' title='bbox 604 473 741 543; x_wconf 85' lang='lat' dir='ltr'>babituri.</span> <span class='ocrx_word' id='word_1_18' title='bbox 763 473 907 552; x_wconf 84' lang='lat' dir='ltr'>Equidem</span> <span class='ocrx_word' id='word_1_19' title='bbox 929 492 996 536; x_wconf 92' lang='lat' dir='ltr'>cum</span> <span class='ocrx_word' id='word_1_20' title='bbox 1006 473 1079 535; x_wconf 91' lang='lat' dir='ltr'>mihi</span> <span class='ocrx_word' id='word_1_21' title='bbox 1096 489 1129 542; x_wconf 78' lang='lat' dir='ltr'>lu</span> 
     </span>
     <span class='ocr_line' id='line_1_4' title="bbox 98 553 1078 637; baseline 0.004 -22"><span class='ocrx_word' id='word_1_22' title='bbox 98 553 136 615; x_wconf 94' lang='lat' dir='ltr'>ob</span> <span class='ocrx_word' id='word_1_23' title='bbox 155 557 288 634; x_wconf 91' lang='lat' dir='ltr'>ipsorum</span> <span class='ocrx_word' id='word_1_24' title='bbox 302 557 416 618; x_wconf 90' lang='lat' dir='ltr'>interna</span> <span class='ocrx_word' id='word_1_25' title='bbox 432 557 507 618; x_wconf 89' lang='lat' dir='ltr'>mala</span> <span class='ocrx_word' id='word_1_26' title='bbox 524 555 610 618; x_wconf 85' lang='lat' dir='ltr'>dilata</span> <span class='ocrx_word' id='word_1_27' title='bbox 626 554 737 635; x_wconf 91' lang='lat' dir='ltr'>proelia</span> <span class='ocrx_word' id='word_1_28' title='bbox 756 559 848 635; x_wconf 87' lang='lat' dir='ltr'>magis</span> <span class='ocrx_word' id='word_1_29' title='bbox 866 574 953 637; x_wconf 88' lang='lat' dir='ltr'>quam</span> <span class='ocrx_word' id='word_1_30' title='bbox 975 574 1078 637; x_wconf 85' lang='lat' dir='ltr'>paoem</span> 
     </span>
     <span class='ocr_line' id='line_1_5' title="bbox 99 634 1077 720; baseline 0.002 -21"><span class='ocrx_word' id='word_1_31' title='bbox 99 639 196 701; x_wconf 85' lang='lat' dir='ltr'>datam</span> <span class='ocrx_word' id='word_1_32' title='bbox 213 638 427 719; x_wconf 78' lang='lat' dir='ltr'>intellegerem,</span> <span class='ocrx_word' id='word_1_33' title='bbox 452 641 599 702; x_wconf 86' lang='lat' dir='ltr'>abnuente</span> <span class='ocrx_word' id='word_1_34' title='bbox 612 634 748 718; x_wconf 79' lang='lat' dir='ltr'>Tigrane,</span> <span class='ocrx_word' id='word_1_35' title='bbox 768 643 817 720; x_wconf 90' lang='lat' dir='ltr'>qui</span> <span class='ocrx_word' id='word_1_36' title='bbox 837 660 903 702; x_wconf 90' lang='lat' dir='ltr'>mea</span> <span class='ocrx_word' id='word_1_37' title='bbox 918 641 994 703; x_wconf 90' lang='lat' dir='ltr'>dicta</span> <span class='ocrx_word' id='word_1_38' title='bbox 1010 659 1077 702; x_wconf 91' lang='lat' dir='ltr'>sero</span> 
     </span>
     <span class='ocr_line' id='line_1_6' title="bbox 97 717 1078 803; baseline 0.002 -21"><span class='ocrx_word' id='word_1_39' title='bbox 97 717 217 800; x_wconf 81' lang='lat' dir='ltr'>probal,</span> <span class='ocrx_word' id='word_1_40' title='bbox 240 732 270 784; x_wconf 87' lang='lat' dir='ltr'>te</span> <span class='ocrx_word' id='word_1_41' title='bbox 287 729 402 784; x_wconf 83' lang='lat' dir='ltr'>remoto</span> <span class='ocrx_word' id='word_1_42' title='bbox 419 723 538 803; x_wconf 92' lang='lat' dir='ltr'>procul,</span> <span class='ocrx_word' id='word_1_43' title='bbox 563 723 699 784; x_wconf 90' lang='lat' dir='ltr'>omnibus</span> <span class='ocrx_word' id='word_1_44' title='bbox 720 723 783 784; x_wconf 91' lang='lat' dir='ltr'>aliis</span> <span class='ocrx_word' id='word_1_45' title='bbox 804 725 951 795; x_wconf 88' lang='lat' dir='ltr'>obnoxiis,</span> <span class='ocrx_word' id='word_1_46' title='bbox 974 741 1078 786; x_wconf 88' lang='lat' dir='ltr'>rursus</span> 
     </span>
     <span class='ocr_line' id='line_1_7' title="bbox 96 803 1077 889; baseline 0.004 -25"><span class='ocrx_word' id='word_1_47' title='bbox 96 812 194 867; x_wconf 88' lang='lat' dir='ltr'>tamen</span> <span class='ocrx_word' id='word_1_48' title='bbox 205 803 316 869; x_wconf 91' lang='lat' dir='ltr'>bellum</span> <span class='ocrx_word' id='word_1_49' title='bbox 332 812 417 889; x_wconf 86' lang='lat' dir='ltr'>coepi</span> <span class='ocrx_word' id='word_1_50' title='bbox 427 807 617 887; x_wconf 84' lang='lat' dir='ltr'>Marcumque</span> <span class='ocrx_word' id='word_1_51' title='bbox 634 807 756 877; x_wconf 87' lang='lat' dir='ltr'>Cottam,</span> <span class='ocrx_word' id='word_1_52' title='bbox 778 807 943 869; x_wconf 82' lang='lat' dir='ltr'>Romanum</span> <span class='ocrx_word' id='word_1_53' title='bbox 962 809 1077 878; x_wconf 89' lang='lat' dir='ltr'>ducem,</span> 
     </span>
     <span class='ocr_line' id='line_1_8' title="bbox 97 889 1076 969; baseline 0 -19"><span class='ocrx_word' id='word_1_54' title='bbox 97 890 173 967; x_wconf 92' lang='lat' dir='ltr'>apud</span> <span class='ocrx_word' id='word_1_55' title='bbox 190 889 374 951; x_wconf 82' lang='lat' dir='ltr'>Chalcedona</span> <span class='ocrx_word' id='word_1_56' title='bbox 392 897 472 952; x_wconf 85' lang='lat' dir='ltr'>terra</span> <span class='ocrx_word' id='word_1_57' title='bbox 488 891 566 960; x_wconf 86' lang='lat' dir='ltr'>indi,</span> <span class='ocrx_word' id='word_1_58' title='bbox 591 893 665 952; x_wconf 91' lang='lat' dir='ltr'>mari</span> <span class='ocrx_word' id='word_1_59' title='bbox 680 892 746 952; x_wconf 84' lang='lat' dir='ltr'>exui</span> <span class='ocrx_word' id='word_1_60' title='bbox 767 890 859 952; x_wconf 86' lang='lat' dir='ltr'>classe</span> <span class='ocrx_word' id='word_1_61' title='bbox 879 891 1076 969; x_wconf 88' lang='lat' dir='ltr'>pulcerruma.</span> 
     </span>
     <span class='ocr_line' id='line_1_9' title="bbox 96 971 1129 1053; baseline 0 -20"><span class='ocrx_word' id='word_1_62' title='bbox 96 971 181 1050; x_wconf 82' lang='lat' dir='ltr'>Apud</span> <span class='ocrx_word' id='word_1_63' title='bbox 207 973 343 1053; x_wconf 78' lang='lat' dir='ltr'>Cyzicum</span> <span class='ocrx_word' id='word_1_64' title='bbox 371 991 478 1052; x_wconf 90' lang='lat' dir='ltr'>magno</span> <span class='ocrx_word' id='word_1_65' title='bbox 506 993 573 1036; x_wconf 91' lang='lat' dir='ltr'>cum</span> <span class='ocrx_word' id='word_1_66' title='bbox 598 976 728 1036; x_wconf 84' lang='lat' dir='ltr'>exercitu</span> <span class='ocrx_word' id='word_1_67' title='bbox 754 974 784 1034; x_wconf 91' lang='lat' dir='ltr'>in</span> <span class='ocrx_word' id='word_1_68' title='bbox 811 974 924 1036; x_wconf 92' lang='lat' dir='ltr'>obsidio</span> <span class='ocrx_word' id='word_1_69' title='bbox 953 975 1079 1035; x_wconf 90' lang='lat' dir='ltr'>moranti</span> <span class='ocrx_word' id='word_1_70' title='bbox 1096 981 1129 1033; x_wconf 74' lang='lat'>14</span> 
     </span>
     <span class='ocr_line' id='line_1_10' title="bbox 96 1055 1078 1120; baseline 0.003 -5"><span class='ocrx_word' id='word_1_71' title='bbox 96 1055 275 1118; x_wconf 85' lang='lat' dir='ltr'>frumentum</span> <span class='ocrx_word' id='word_1_72' title='bbox 303 1058 394 1119; x_wconf 84' lang='lat' dir='ltr'>defuit</span> <span class='ocrx_word' id='word_1_73' title='bbox 417 1057 498 1119; x_wconf 92' lang='lat' dir='ltr'>nulio</span> <span class='ocrx_word' id='word_1_74' title='bbox 529 1060 641 1120; x_wconf 93' lang='lat' dir='ltr'>circum</span> <span class='ocrx_word' id='word_1_75' title='bbox 672 1058 835 1119; x_wconf 86' lang='lat' dir='ltr'>adnitente:</span> <span class='ocrx_word' id='word_1_76' title='bbox 869 1058 955 1120; x_wconf 92' lang='lat' dir='ltr'>simul</span> <span class='ocrx_word' id='word_1_77' title='bbox 985 1059 1078 1119; x_wconf 87' lang='lat' dir='ltr'>hiems</span> 
     </span>
     <span class='ocr_line' id='line_1_11' title="bbox 63 1140 1078 1221; baseline -0.002 -17"><span class='ocrx_word' id='word_1_78' title='bbox 63 1163 86 1204; x_wconf 84' lang='lat' dir='ltr'>ro</span> <span class='ocrx_word' id='word_1_79' title='bbox 95 1141 170 1200; x_wconf 90' lang='lat' dir='ltr'>mari</span> <span class='ocrx_word' id='word_1_80' title='bbox 198 1140 382 1218; x_wconf 87' lang='lat' dir='ltr'>prohibebat.</span> <span class='ocrx_word' id='word_1_81' title='bbox 424 1142 467 1203; x_wconf 91' lang='lat' dir='ltr'>lta</span> <span class='ocrx_word' id='word_1_82' title='bbox 487 1143 550 1204; x_wconf 89' lang='lat' dir='ltr'>sinc</span> <span class='ocrx_word' id='word_1_83' title='bbox 570 1143 597 1203; x_wconf 88' lang='lat' dir='ltr'>ri</span> <span class='ocrx_word' id='word_1_84' title='bbox 618 1142 745 1203; x_wconf 92' lang='lat' dir='ltr'>bostium</span> <span class='ocrx_word' id='word_1_85' title='bbox 766 1142 884 1221; x_wconf 85' lang='lat' dir='ltr'>regredi</span> <span class='ocrx_word' id='word_1_86' title='bbox 905 1150 1026 1203; x_wconf 90' lang='lat' dir='ltr'>conatus</span> <span class='ocrx_word' id='word_1_87' title='bbox 1048 1143 1078 1202; x_wconf 91' lang='lat' dir='ltr'>in</span> 
     </span>
     <span class='ocr_line' id='line_1_12' title="bbox 96 1225 1077 1303; baseline 0.003 -21"><span class='ocrx_word' id='word_1_88' title='bbox 96 1225 222 1301; x_wconf 87' lang='lat' dir='ltr'>patrium</span> <span class='ocrx_word' id='word_1_89' title='bbox 250 1240 375 1300; x_wconf 89' lang='lat' dir='ltr'>regnum</span> <span class='ocrx_word' id='word_1_90' title='bbox 395 1226 555 1303; x_wconf 83' lang='lat' dir='ltr'>naufragiis</span> <span class='ocrx_word' id='word_1_91' title='bbox 582 1226 660 1303; x_wconf 87' lang='lat' dir='ltr'>apud</span> <span class='ocrx_word' id='word_1_92' title='bbox 684 1225 802 1287; x_wconf 90' lang='lat' dir='ltr'>Parium</span> <span class='ocrx_word' id='word_1_93' title='bbox 831 1233 859 1287; x_wconf 89' lang='lat' dir='ltr'>et</span> <span class='ocrx_word' id='word_1_94' title='bbox 880 1227 966 1302; x_wconf 84' lang='lat' dir='ltr'>opud</span> <span class='ocrx_word' id='word_1_95' title='bbox 985 1225 1077 1286; x_wconf 86' lang='lat' dir='ltr'>Hera·</span> 
     </span>
     <span class='ocr_line' id='line_1_13' title="bbox 96 1305 1126 1385; baseline 0.008 -19"><span class='ocrx_word' id='word_1_96' title='bbox 96 1305 188 1366; x_wconf 83' lang='lat' dir='ltr'>oleam</span> <span class='ocrx_word' id='word_1_97' title='bbox 213 1306 338 1367; x_wconf 92' lang='lat' dir='ltr'>militum</span> <span class='ocrx_word' id='word_1_98' title='bbox 369 1316 505 1385; x_wconf 89' lang='lat' dir='ltr'>optumos</span> <span class='ocrx_word' id='word_1_99' title='bbox 533 1325 600 1368; x_wconf 91' lang='lat' dir='ltr'>cum</span> <span class='ocrx_word' id='word_1_100' title='bbox 626 1307 768 1369; x_wconf 89' lang='lat' dir='ltr'>classibus</span> <span class='ocrx_word' id='word_1_101' title='bbox 796 1310 887 1369; x_wconf 90' lang='lat' dir='ltr'>amisi.</span> <span class='ocrx_word' id='word_1_102' title='bbox 931 1309 1075 1370; x_wconf 87' lang='lat' dir='ltr'>Restituto</span> <span class='ocrx_word' id='word_1_103' title='bbox 1094 1322 1126 1374; x_wconf 75' lang='lat' dir='ltr'>la</span> 
     </span>
     <span class='ocr_line' id='line_1_14' title="bbox 95 1389 1078 1469; baseline 0.004 -20"><span class='ocrx_word' id='word_1_104' title='bbox 95 1389 201 1450; x_wconf 91' lang='lat' dir='ltr'>deinde</span> <span class='ocrx_word' id='word_1_105' title='bbox 223 1390 301 1468; x_wconf 92' lang='lat' dir='ltr'>apud</span> <span class='ocrx_word' id='word_1_106' title='bbox 330 1390 472 1452; x_wconf 86' lang='lat' dir='ltr'>Caberam</span> <span class='ocrx_word' id='word_1_107' title='bbox 500 1393 630 1453; x_wconf 82' lang='lat' dir='ltr'>exercitu</span> <span class='ocrx_word' id='word_1_108' title='bbox 656 1399 685 1453; x_wconf 88' lang='lat' dir='ltr'>et</span> <span class='ocrx_word' id='word_1_109' title='bbox 708 1393 795 1453; x_wconf 83' lang='lat' dir='ltr'>variis</span> <span class='ocrx_word' id='word_1_110' title='bbox 821 1393 897 1453; x_wconf 86' lang='lat' dir='ltr'>inter</span> <span class='ocrx_word' id='word_1_111' title='bbox 922 1399 1078 1469; x_wconf 87' lang='lat' dir='ltr'>meatque</span> 
     </span>
     <span class='ocr_line' id='line_1_15' title="bbox 96 1471 1077 1554; baseline 0.004 -21"><span class='ocrx_word' id='word_1_112' title='bbox 96 1471 249 1534; x_wconf 87' lang='lat' dir='ltr'>Lucullum</span> <span class='ocrx_word' id='word_1_113' title='bbox 270 1473 389 1552; x_wconf 89' lang='lat' dir='ltr'>procliis</span> <span class='ocrx_word' id='word_1_114' title='bbox 409 1476 506 1554; x_wconf 92' lang='lat' dir='ltr'>inopia</span> <span class='ocrx_word' id='word_1_115' title='bbox 527 1493 631 1536; x_wconf 89' lang='lat' dir='ltr'>rursus</span> <span class='ocrx_word' id='word_1_116' title='bbox 650 1474 900 1536; x_wconf 65' lang='lat' dir='ltr'>ambos‘incessit.</span> <span class='ocrx_word' id='word_1_117' title='bbox 926 1474 970 1534; x_wconf 92' lang='lat' dir='ltr'>illi</span> <span class='ocrx_word' id='word_1_118' title='bbox 990 1475 1077 1537; x_wconf 90' lang='lat' dir='ltr'>sube-</span> 
     </span>
     <span class='ocr_line' id='line_1_16' title="bbox 62 1556 1077 1636; baseline -0.003 -14"><span class='ocrx_word' id='word_1_119' title='bbox 62 1564 140 1622; x_wconf 81' lang='lat' dir='ltr'>urat</span> <span class='ocrx_word' id='word_1_120' title='bbox 154 1573 280 1634; x_wconf 85' lang='lat' dir='ltr'>regnum</span> <span class='ocrx_word' id='word_1_121' title='bbox 297 1557 501 1619; x_wconf 74' lang='lat' dir='ltr'>Ariobarzanis</span> <span class='ocrx_word' id='word_1_122' title='bbox 519 1556 597 1619; x_wconf 93' lang='lat' dir='ltr'>bello</span> <span class='ocrx_word' id='word_1_123' title='bbox 612 1559 768 1619; x_wconf 85' lang='lat' dir='ltr'>intactum:</span> <span class='ocrx_word' id='word_1_124' title='bbox 790 1576 845 1636; x_wconf 93' lang='lat' dir='ltr'>ego</span> <span class='ocrx_word' id='word_1_125' title='bbox 863 1560 949 1619; x_wconf 87' lang='lat' dir='ltr'>rastis</span> <span class='ocrx_word' id='word_1_126' title='bbox 966 1558 1077 1619; x_wconf 91' lang='lat' dir='ltr'>circum</span> 
     </span>
     <span class='ocr_line' id='line_1_17' title="bbox 96 1640 1075 1721; baseline 0.001 -21"><span class='ocrx_word' id='word_1_127' title='bbox 96 1640 230 1702; x_wconf 91' lang='lat' dir='ltr'>omnibus</span> <span class='ocrx_word' id='word_1_128' title='bbox 256 1641 328 1702; x_wconf 92' lang='lat' dir='ltr'>locis</span> <span class='ocrx_word' id='word_1_129' title='bbox 349 1643 379 1702; x_wconf 92' lang='lat' dir='ltr'>in</span> <span class='ocrx_word' id='word_1_130' title='bbox 400 1642 568 1703; x_wconf 75' lang='lat' dir='ltr'>Armeniam</span> <span class='ocrx_word' id='word_1_131' title='bbox 591 1643 737 1703; x_wconf 87' lang='lat' dir='ltr'>concessi:</span> <span class='ocrx_word' id='word_1_132' title='bbox 764 1643 915 1721; x_wconf 86' lang='lat' dir='ltr'>secutique</span> <span class='ocrx_word' id='word_1_133' title='bbox 937 1642 1075 1712; x_wconf 88' lang='lat' dir='ltr'>Romani,</span> 
     </span>
     <span class='ocr_line' id='line_1_18' title="bbox 95 1725 1077 1803; baseline 0.001 -20"><span class='ocrx_word' id='word_1_134' title='bbox 95 1741 154 1784; x_wconf 91' lang='lat' dir='ltr'>non</span> <span class='ocrx_word' id='word_1_135' title='bbox 167 1743 216 1786; x_wconf 88' lang='lat' dir='ltr'>mc</span> <span class='ocrx_word' id='word_1_136' title='bbox 229 1734 273 1786; x_wconf 83' lang='lat' dir='ltr'>set</span> <span class='ocrx_word' id='word_1_137' title='bbox 294 1742 407 1785; x_wconf 91' lang='lat' dir='ltr'>morem</span> <span class='ocrx_word' id='word_1_138' title='bbox 426 1743 512 1786; x_wconf 92' lang='lat' dir='ltr'>suum</span> <span class='ocrx_word' id='word_1_139' title='bbox 543 1727 640 1785; x_wconf 87' lang='lat' dir='ltr'>omnia</span> <span class='ocrx_word' id='word_1_140' title='bbox 671 1742 763 1802; x_wconf 89' lang='lat' dir='ltr'>regna</span> <span class='ocrx_word' id='word_1_141' title='bbox 784 1725 990 1795; x_wconf 82' lang='lat' dir='ltr'>subvortundi,</span> <span class='ocrx_word' id='word_1_142' title='bbox 1010 1727 1077 1803; x_wconf 92' lang='lat' dir='ltr'>quia</span> 
     </span>
     <span class='ocr_line' id='line_1_19' title="bbox 94 1806 1076 1886; baseline 0.002 -20"><span class='ocrx_word' id='word_1_143' title='bbox 94 1806 309 1869; x_wconf 87' lang='lat' dir='ltr'>multitudinem</span> <span class='ocrx_word' id='word_1_144' title='bbox 337 1810 407 1868; x_wconf 90' lang='lat' dir='ltr'>artis</span> <span class='ocrx_word' id='word_1_145' title='bbox 429 1808 501 1869; x_wconf 93' lang='lat' dir='ltr'>locis</span> <span class='ocrx_word' id='word_1_146' title='bbox 523 1825 622 1886; x_wconf 90' lang='lat' dir='ltr'>pugna</span> <span class='ocrx_word' id='word_1_147' title='bbox 642 1808 836 1886; x_wconf 89' lang='lat' dir='ltr'>prohibuere,</span> <span class='ocrx_word' id='word_1_148' title='bbox 857 1810 1076 1886; x_wconf 85' lang='lat' dir='ltr'>inprudentiam</span> 
     </span>
     <span class='ocr_line' id='line_1_20' title="bbox 93 1891 717 1969; baseline -0.008 -18"><span class='ocrx_word' id='word_1_149' title='bbox 93 1891 228 1967; x_wconf 80' lang='lat' dir='ltr'>Tigranis</span> <span class='ocrx_word' id='word_1_150' title='bbox 247 1908 301 1969; x_wconf 89' lang='lat' dir='ltr'>pro</span> <span class='ocrx_word' id='word_1_151' title='bbox 324 1892 442 1952; x_wconf 88' lang='lat' dir='ltr'>victoria</span> <span class='ocrx_word' id='word_1_152' title='bbox 464 1899 618 1953; x_wconf 88' lang='lat' dir='ltr'>ostentant.</span> <span class='ocrx_word' id='word_1_153' title='bbox 715 1942 717 1946; x_wconf 12' lang='grc' dir='ltr'><em>Α</em></span> 
     </span>
     <span class='ocr_line' id='line_1_21' title="bbox 60 1974 1128 2054; baseline -0.001 -18"><span class='ocrx_word' id='word_1_154' title='bbox 60 1997 84 2036; x_wconf 81' lang='lat' dir='ltr'>ao</span> <span class='ocrx_word' id='word_1_155' title='bbox 178 1974 263 2036; x_wconf 91' lang='lat' dir='ltr'>Nunc</span> <span class='ocrx_word' id='word_1_156' title='bbox 274 1992 382 2054; x_wconf 86' lang='lat' dir='ltr'>quaeso</span> <span class='ocrx_word' id='word_1_157' title='bbox 395 1975 563 2043; x_wconf 88' lang='lat' dir='ltr'>considera,</span> <span class='ocrx_word' id='word_1_158' title='bbox 585 1975 671 2036; x_wconf 91' lang='lat' dir='ltr'>nobis</span> <span class='ocrx_word' id='word_1_159' title='bbox 687 1976 835 2053; x_wconf 89' lang='lat' dir='ltr'>obpressis</span> <span class='ocrx_word' id='word_1_160' title='bbox 851 1982 952 2036; x_wconf 88' lang='lat' dir='ltr'>utrum</span> <span class='ocrx_word' id='word_1_161' title='bbox 965 1977 1076 2035; x_wconf 82' lang='lat' dir='ltr'>tirmio-</span> <span class='ocrx_word' id='word_1_162' title='bbox 1093 1989 1128 2044; x_wconf 72' lang='lat'>10</span> 
     </span>
     <span class='ocr_line' id='line_1_22' title="bbox 92 2056 1076 2137; baseline 0 -19"><span class='ocrx_word' id='word_1_163' title='bbox 92 2076 157 2120; x_wconf 92' lang='lat' dir='ltr'>rem</span> <span class='ocrx_word' id='word_1_164' title='bbox 187 2066 216 2120; x_wconf 90' lang='lat' dir='ltr'>te</span> <span class='ocrx_word' id='word_1_165' title='bbox 242 2059 279 2120; x_wconf 89' lang='lat' dir='ltr'>ad</span> <span class='ocrx_word' id='word_1_166' title='bbox 306 2059 505 2121; x_wconf 88' lang='lat' dir='ltr'>resistundum</span> <span class='ocrx_word' id='word_1_167' title='bbox 533 2077 569 2120; x_wconf 92' lang='lat' dir='ltr'>an</span> <span class='ocrx_word' id='word_1_168' title='bbox 595 2059 684 2121; x_wconf 89' lang='lat' dir='ltr'>flnem</span> <span class='ocrx_word' id='word_1_169' title='bbox 716 2056 786 2120; x_wconf 88' lang='lat' dir='ltr'>belli</span> <span class='ocrx_word' id='word_1_170' title='bbox 812 2060 943 2120; x_wconf 84' lang='lat' dir='ltr'>futurum</span> <span class='ocrx_word' id='word_1_171' title='bbox 973 2061 1076 2137; x_wconf 75' lang='lat' dir='ltr'>putes?</span> 
     </span>
     <span class='ocr_line' id='line_1_23' title="bbox 93 2142 1077 2222; baseline 0 -20"><span class='ocrx_word' id='word_1_172' title='bbox 93 2142 159 2203; x_wconf 91' lang='lat' dir='ltr'>Scio</span> <span class='ocrx_word' id='word_1_173' title='bbox 177 2145 312 2222; x_wconf 89' lang='lat' dir='ltr'>equidem</span> <span class='ocrx_word' id='word_1_174' title='bbox 333 2143 386 2204; x_wconf 92' lang='lat' dir='ltr'>tibi</span> <span class='ocrx_word' id='word_1_175' title='bbox 400 2159 522 2220; x_wconf 89' lang='lat' dir='ltr'>magnas</span> <span class='ocrx_word' id='word_1_176' title='bbox 541 2161 612 2222; x_wconf 93' lang='lat' dir='ltr'>opes</span> <span class='ocrx_word' id='word_1_177' title='bbox 632 2144 777 2212; x_wconf 86' lang='lat' dir='ltr'>virorum,</span> <span class='ocrx_word' id='word_1_178' title='bbox 802 2160 954 2204; x_wconf 90' lang='lat' dir='ltr'>armorum</span> <span class='ocrx_word' id='word_1_179' title='bbox 973 2142 1077 2204; x_wconf 90' lang='lat' dir='ltr'>etauri</span> 
     </span>
     <span class='ocr_line' id='line_1_24' title="bbox 93 2226 1196 2304; baseline 0.001 -18"><span class='ocrx_word' id='word_1_180' title='bbox 93 2243 171 2286; x_wconf 91' lang='lat' dir='ltr'>esse:</span> <span class='ocrx_word' id='word_1_181' title='bbox 196 2233 224 2286; x_wconf 88' lang='lat' dir='ltr'>et</span> <span class='ocrx_word' id='word_1_182' title='bbox 242 2245 277 2287; x_wconf 89' lang='lat' dir='ltr'>ea</span> <span class='ocrx_word' id='word_1_183' title='bbox 294 2245 327 2286; x_wconf 91' lang='lat' dir='ltr'>re</span> <span class='ocrx_word' id='word_1_184' title='bbox 350 2245 366 2286; x_wconf 88' lang='lat' dir='ltr'>a</span> <span class='ocrx_word' id='word_1_185' title='bbox 390 2226 475 2285; x_wconf 89' lang='lat' dir='ltr'>nobis</span> <span class='ocrx_word' id='word_1_186' title='bbox 497 2227 533 2286; x_wconf 87' lang='lat' dir='ltr'>ad</span> <span class='ocrx_word' id='word_1_187' title='bbox 551 2228 728 2294; x_wconf 87' lang='lat' dir='ltr'>societatem,</span> <span class='ocrx_word' id='word_1_188' title='bbox 753 2226 860 2286; x_wconf 91' lang='lat' dir='ltr'>abillis</span> <span class='ocrx_word' id='word_1_189' title='bbox 880 2227 917 2287; x_wconf 89' lang='lat' dir='ltr'>ad</span> <span class='ocrx_word' id='word_1_190' title='bbox 936 2226 1077 2304; x_wconf 89' lang='lat' dir='ltr'>praedam</span> <span class='ocrx_word' id='word_1_191' title='bbox 1192 2269 1196 2275; x_wconf 87' lang='lat'>-</span> 
     </span>
     <span class='ocr_line' id='line_1_25' title="bbox 91 2308 1075 2387; baseline -0.001 -19"><span class='ocrx_word' id='word_1_192' title='bbox 91 2310 210 2387; x_wconf 89' lang='lat' dir='ltr'>peteris.</span> <span class='ocrx_word' id='word_1_193' title='bbox 256 2308 392 2370; x_wconf 89' lang='lat' dir='ltr'>Ceterum</span> <span class='ocrx_word' id='word_1_194' title='bbox 417 2308 569 2368; x_wconf 91' lang='lat' dir='ltr'>consilium</span> <span class='ocrx_word' id='word_1_195' title='bbox 592 2316 649 2376; x_wconf 91' lang='lat' dir='ltr'>est,</span> <span class='ocrx_word' id='word_1_196' title='bbox 674 2308 810 2384; x_wconf 85' lang='lat' dir='ltr'>Tigranis</span> <span class='ocrx_word' id='word_1_197' title='bbox 832 2325 925 2385; x_wconf 86' lang='lat' dir='ltr'>regno</span> <span class='ocrx_word' id='word_1_198' title='bbox 952 2310 1075 2385; x_wconf 91' lang='lat' dir='ltr'>integro,</span> 
     </span>
     <span class='ocr_line' id='line_1_26' title="bbox 58 2389 1076 2472; baseline -0.004 -18"><span class='ocrx_word' id='word_1_199' title='bbox 58 2392 164 2454; x_wconf 75' lang='lat' dir='ltr'>omeis</span> <span class='ocrx_word' id='word_1_200' title='bbox 185 2390 323 2452; x_wconf 92' lang='lat' dir='ltr'>militibus</span> <span class='ocrx_word' id='word_1_201' title='bbox 342 2391 411 2453; x_wconf 91' lang='lat' dir='ltr'>belli</span> <span class='ocrx_word' id='word_1_202' title='bbox 431 2391 638 2468; x_wconf 88' lang='lat' dir='ltr'>prudentibus,</span> <span class='ocrx_word' id='word_1_203' title='bbox 665 2389 770 2470; x_wconf 91' lang='lat' dir='ltr'>procul</span> <span class='ocrx_word' id='word_1_204' title='bbox 798 2391 834 2452; x_wconf 94' lang='lat' dir='ltr'>ab</span> <span class='ocrx_word' id='word_1_205' title='bbox 861 2393 948 2451; x_wconf 94' lang='lat' dir='ltr'>domo</span> <span class='ocrx_word' id='word_1_206' title='bbox 972 2391 1076 2472; x_wconf 80' lang='lat' dir='ltr'>[parvo</span> 
     </span>
     <span class='ocr_line' id='line_1_27' title="bbox 91 2473 1077 2558; baseline -0.001 -23"><span class='ocrx_word' id='word_1_207' title='bbox 91 2475 207 2558; x_wconf 91' lang='lat' dir='ltr'>labore]</span> <span class='ocrx_word' id='word_1_208' title='bbox 230 2493 284 2553; x_wconf 89' lang='lat' dir='ltr'>per</span> <span class='ocrx_word' id='word_1_209' title='bbox 310 2482 409 2537; x_wconf 89' lang='lat' dir='ltr'>nostra</span> <span class='ocrx_word' id='word_1_210' title='bbox 431 2493 556 2556; x_wconf 91' lang='lat' dir='ltr'>corpora</span> <span class='ocrx_word' id='word_1_211' title='bbox 576 2473 687 2535; x_wconf 90' lang='lat' dir='ltr'>bellum</span> <span class='ocrx_word' id='word_1_212' title='bbox 709 2474 870 2545; x_wconf 87' lang='lat' dir='ltr'>conficere,</span> <span class='ocrx_word' id='word_1_213' title='bbox 900 2493 958 2554; x_wconf 91' lang='lat' dir='ltr'>quo</span> <span class='ocrx_word' id='word_1_214' title='bbox 980 2493 1077 2553; x_wconf 90' lang='lat' dir='ltr'>neque</span> 
     </span>
     <span class='ocr_line' id='line_1_28' title="bbox 91 2557 1124 2639; baseline -0.008 -19"><span class='ocrx_word' id='word_1_215' title='bbox 91 2561 206 2621; x_wconf 86' lang='lat' dir='ltr'>vincere</span> <span class='ocrx_word' id='word_1_216' title='bbox 220 2578 317 2639; x_wconf 91' lang='lat' dir='ltr'>nequo</span> <span class='ocrx_word' id='word_1_217' title='bbox 327 2560 402 2620; x_wconf 85' lang='lat' dir='ltr'>vinci</span> <span class='ocrx_word' id='word_1_218' title='bbox 415 2559 478 2621; x_wconf 92' lang='lat' dir='ltr'>sine</span> <span class='ocrx_word' id='word_1_219' title='bbox 490 2565 541 2619; x_wconf 93' lang='lat' dir='ltr'>tuo</span> <span class='ocrx_word' id='word_1_220' title='bbox 553 2557 684 2637; x_wconf 87' lang='lat' dir='ltr'>periculo</span> <span class='ocrx_word' id='word_1_221' title='bbox 707 2575 872 2636; x_wconf 83' lang='lat' dir='ltr'>possumus.</span> <span class='ocrx_word' id='word_1_222' title='bbox 897 2558 941 2617; x_wconf 77' lang='lat' dir='ltr'>dn</span> <span class='ocrx_word' id='word_1_223' title='bbox 955 2558 1073 2634; x_wconf 87' lang='lat' dir='ltr'>ignoras</span> <span class='ocrx_word' id='word_1_224' title='bbox 1092 2561 1124 2613; x_wconf 76' lang='grc'>17</span> 
     </span>
     <span class='ocr_line' id='line_1_29' title="bbox 91 2640 1076 2723; baseline -0.001 -20"><span class='ocrx_word' id='word_1_225' title='bbox 91 2642 248 2716; x_wconf 90' lang='lat' dir='ltr'>Romanos,</span> <span class='ocrx_word' id='word_1_226' title='bbox 264 2651 419 2723; x_wconf 90' lang='lat' dir='ltr'>postquam</span> <span class='ocrx_word' id='word_1_227' title='bbox 434 2643 470 2703; x_wconf 91' lang='lat' dir='ltr'>ad</span> <span class='ocrx_word' id='word_1_228' title='bbox 483 2643 664 2703; x_wconf 88' lang='lat' dir='ltr'>occidentem</span> <span class='ocrx_word' id='word_1_229' title='bbox 674 2640 866 2720; x_wconf 88' lang='lat' dir='ltr'>pergentibus</span> <span class='ocrx_word' id='word_1_230' title='bbox 880 2642 968 2702; x_wconf 84' lang='lat' dir='ltr'>linem</span> <span class='ocrx_word' id='word_1_231' title='bbox 985 2640 1076 2702; x_wconf 91' lang='lat' dir='ltr'>Ocea·</span> 
     </span>
     <span class='ocr_line' id='line_1_30' title="bbox 91 2726 1117 2803; baseline -0.003 -19"><span class='ocrx_word' id='word_1_232' title='bbox 91 2743 148 2786; x_wconf 91' lang='lat' dir='ltr'>nus</span> <span class='ocrx_word' id='word_1_233' title='bbox 169 2726 252 2797; x_wconf 88' lang='lat' dir='ltr'>lecit,</span> <span class='ocrx_word' id='word_1_234' title='bbox 272 2745 353 2788; x_wconf 90' lang='lat' dir='ltr'>arma</span> <span class='ocrx_word' id='word_1_235' title='bbox 372 2727 431 2788; x_wconf 91' lang='lat' dir='ltr'>huc</span> <span class='ocrx_word' id='word_1_236' title='bbox 448 2727 647 2788; x_wconf 82' lang='lat' dir='ltr'>convortissel</span> <span class='ocrx_word' id='word_1_237' title='bbox 669 2743 766 2803; x_wconf 87' lang='lat' dir='ltr'>neque</span> <span class='ocrx_word' id='word_1_238' title='bbox 782 2726 939 2803; x_wconf 89' lang='lat' dir='ltr'>quicquam</span> <span class='ocrx_word' id='word_1_239' title='bbox 961 2727 1075 2802; x_wconf 89' lang='lat' dir='ltr'>aprin·</span> <span class='ocrx_word' id='word_1_240' title='bbox 1114 2775 1117 2781; x_wconf 90' lang='lat'><em>.</em></span> 
     </span>
     <span class='ocr_line' id='line_1_31' title="bbox 52 2812 1076 2893; baseline -0.005 -18"><span class='ocrx_word' id='word_1_241' title='bbox 52 2813 164 2893; x_wconf 73' lang='lat' dir='ltr'>accipio</span> <span class='ocrx_word' id='word_1_242' title='bbox 198 2813 256 2874; x_wconf 90' lang='lat' dir='ltr'>nisi</span> <span class='ocrx_word' id='word_1_243' title='bbox 287 2817 318 2875; x_wconf 81' lang='lat' dir='ltr'>oi</span> <span class='ocrx_word' id='word_1_244' title='bbox 347 2822 463 2892; x_wconf 89' lang='lat' dir='ltr'>partum</span> <span class='ocrx_word' id='word_1_245' title='bbox 495 2812 624 2884; x_wconf 85' lang='lat' dir='ltr'>habere,</span> <span class='ocrx_word' id='word_1_246' title='bbox 658 2812 778 2874; x_wconf 92' lang='lat' dir='ltr'>domum</span> <span class='ocrx_word' id='word_1_247' title='bbox 806 2812 960 2889; x_wconf 88' lang='lat' dir='ltr'>coniuges,</span> <span class='ocrx_word' id='word_1_248' title='bbox 987 2823 1076 2888; x_wconf 82' lang='lat' dir='ltr'>agros</span> 
     </span>
     <span class='ocr_line' id='line_1_32' title="bbox 85 2892 1075 2975; baseline -0.008 -17"><span class='ocrx_word' id='word_1_249' title='bbox 85 2897 262 2975; x_wconf 72' lang='lat' dir='ltr'>imperium?</span> <span class='ocrx_word' id='word_1_250' title='bbox 296 2914 441 2958; x_wconf 89' lang='lat' dir='ltr'>convenas</span> <span class='ocrx_word' id='word_1_251' title='bbox 470 2897 540 2959; x_wconf 88' lang='lat' dir='ltr'>olim</span> <span class='ocrx_word' id='word_1_252' title='bbox 568 2900 633 2959; x_wconf 91' lang='lat' dir='ltr'>sine</span> <span class='ocrx_word' id='word_1_253' title='bbox 661 2899 757 2975; x_wconf 85' lang='lat' dir='ltr'>patria</span> <span class='ocrx_word' id='word_1_254' title='bbox 784 2894 970 2971; x_wconf 76' lang='lat' dir='ltr'>perennibus,</span> <span class='ocrx_word' id='word_1_255' title='bbox 996 2892 1075 2971; x_wconf 86' lang='lat' dir='ltr'>pesti</span> 
     </span>
     <span class='ocr_line' id='line_1_33' title="bbox 90 2974 1072 3058; baseline -0.016 -11"><span class='ocrx_word' id='word_1_256' title='bbox 90 2986 222 3048; x_wconf 91' lang='lat' dir='ltr'>conditos</span> <span class='ocrx_word' id='word_1_257' title='bbox 250 2980 329 3042; x_wconf 91' lang='lat' dir='ltr'>orbis</span> <span class='ocrx_word' id='word_1_258' title='bbox 349 2989 512 3042; x_wconf 89' lang='lat' dir='ltr'>terrarum:</span> <span class='ocrx_word' id='word_1_259' title='bbox 542 2980 648 3058; x_wconf 90' lang='lat' dir='ltr'>quibus</span> <span class='ocrx_word' id='word_1_260' title='bbox 668 2996 728 3038; x_wconf 93' lang='lat' dir='ltr'>non</span> <span class='ocrx_word' id='word_1_261' title='bbox 750 2977 878 3038; x_wconf 89' lang='lat' dir='ltr'>humana</span> <span class='ocrx_word' id='word_1_262' title='bbox 892 2974 955 3038; x_wconf 89' lang='lat' dir='ltr'>ulla</span> <span class='ocrx_word' id='word_1_263' title='bbox 976 2990 1072 3050; x_wconf 90' lang='lat' dir='ltr'>neque</span> 
     </span>
     <span class='ocr_line' id='line_1_34' title="bbox 90 3057 1072 3142; baseline -0.017 -12"><span class='ocrx_word' id='word_1_264' title='bbox 90 3070 186 3130; x_wconf 89' lang='lat' dir='ltr'>divina</span> <span class='ocrx_word' id='word_1_265' title='bbox 208 3066 339 3134; x_wconf 88' lang='lat' dir='ltr'>obstant,</span> <span class='ocrx_word' id='word_1_266' title='bbox 369 3065 439 3142; x_wconf 93' lang='lat' dir='ltr'>quin</span> <span class='ocrx_word' id='word_1_267' title='bbox 471 3066 567 3123; x_wconf 90' lang='lat' dir='ltr'>socios</span> <span class='ocrx_word' id='word_1_268' title='bbox 597 3064 720 3131; x_wconf 90' lang='lat' dir='ltr'>amicos,</span> <span class='ocrx_word' id='word_1_269' title='bbox 753 3060 857 3139; x_wconf 89' lang='lat' dir='ltr'>procul</span> <span class='ocrx_word' id='word_1_270' title='bbox 888 3060 967 3118; x_wconf 80' lang='lat' dir='ltr'>iuxta</span> <span class='ocrx_word' id='word_1_271' title='bbox 992 3057 1072 3124; x_wconf 89' lang='lat' dir='ltr'>sitos,</span> 
     </span>
     <span class='ocr_line' id='line_1_35' title="bbox 89 3144 1072 3232; baseline -0.016 -18"><span class='ocrx_word' id='word_1_272' title='bbox 89 3155 192 3232; x_wconf 92' lang='lat' dir='ltr'>inopes</span> <span class='ocrx_word' id='word_1_273' title='bbox 214 3151 399 3229; x_wconf 89' lang='lat' dir='ltr'>potentisque</span> <span class='ocrx_word' id='word_1_274' title='bbox 420 3147 537 3206; x_wconf 89' lang='lat' dir='ltr'>trahant</span> <span class='ocrx_word' id='word_1_275' title='bbox 555 3147 718 3215; x_wconf 83' lang='lat' dir='ltr'>excindant,</span> <span class='ocrx_word' id='word_1_276' title='bbox 742 3144 897 3220; x_wconf 90' lang='lat' dir='ltr'>omniaque</span> <span class='ocrx_word' id='word_1_277' title='bbox 912 3157 972 3199; x_wconf 94' lang='lat' dir='ltr'>non</span> <span class='ocrx_word' id='word_1_278' title='bbox 988 3155 1072 3198; x_wconf 81' lang='lat' dir='ltr'>serva</span> 
     </span>
     <span class='ocr_line' id='line_1_36' title="bbox 55 3220 1124 3308; baseline -0.015 -14"><span class='ocrx_word' id='word_1_279' title='bbox 55 3245 119 3298; x_wconf 84' lang='lat' dir='ltr'>sset</span> <span class='ocrx_word' id='word_1_280' title='bbox 146 3252 282 3297; x_wconf 84' lang='lat' dir='ltr'>maxume</span> <span class='ocrx_word' id='word_1_281' title='bbox 310 3248 401 3308; x_wconf 90' lang='lat' dir='ltr'>regna</span> <span class='ocrx_word' id='word_1_282' title='bbox 428 3230 542 3291; x_wconf 89' lang='lat' dir='ltr'>hostilia</span> <span class='ocrx_word' id='word_1_283' title='bbox 564 3230 688 3290; x_wconf 83' lang='lat' dir='ltr'>ducantl</span> <span class='ocrx_word' id='word_1_284' title='bbox 718 3227 850 3303; x_wconf 91' lang='lat' dir='ltr'>Namque</span> <span class='ocrx_word' id='word_1_285' title='bbox 874 3223 960 3302; x_wconf 90' lang='lat' dir='ltr'>pauci</span> <span class='ocrx_word' id='word_1_286' title='bbox 984 3220 1124 3281; x_wconf 82' lang='lat' dir='ltr'>liber-18</span> 
     </span>
     <span class='ocr_line' id='line_1_37' title="bbox 89 3304 1073 3397; baseline -0.019 -15"><span class='ocrx_word' id='word_1_287' title='bbox 89 3329 193 3390; x_wconf 90' lang='lat' dir='ltr'>tatem,</span> <span class='ocrx_word' id='word_1_288' title='bbox 221 3335 291 3397; x_wconf 91' lang='lat' dir='ltr'>pars</span> <span class='ocrx_word' id='word_1_289' title='bbox 312 3333 417 3394; x_wconf 85' lang='lat' dir='ltr'>magna</span> <span class='ocrx_word' id='word_1_290' title='bbox 446 3316 537 3374; x_wconf 90' lang='lat' dir='ltr'>iustos</span> <span class='ocrx_word' id='word_1_291' title='bbox 564 3313 697 3374; x_wconf 90' lang='lat' dir='ltr'>dominos</span> <span class='ocrx_word' id='word_1_292' title='bbox 721 3309 837 3370; x_wconf 83' lang='lat' dir='ltr'>volunt:</span> <span class='ocrx_word' id='word_1_293' title='bbox 868 3325 922 3368; x_wconf 91' lang='lat' dir='ltr'>nos</span> <span class='ocrx_word' id='word_1_294' title='bbox 946 3304 1073 3381; x_wconf 86' lang='lat' dir='ltr'>suspecti</span> 
     </span>
     <span class='ocr_line' id='line_1_38' title="bbox 90 3389 1125 3476; baseline -0.018 -12"><span class='ocrx_word' id='word_1_295' title='bbox 90 3422 190 3464; x_wconf 91' lang='lat' dir='ltr'>sumus</span> <span class='ocrx_word' id='word_1_296' title='bbox 203 3400 318 3462; x_wconf 85' lang='lat' dir='ltr'>aemuli</span> <span class='ocrx_word' id='word_1_297' title='bbox 339 3401 417 3460; x_wconf 89' lang='lat' dir='ltr'>etin</span> <span class='ocrx_word' id='word_1_298' title='bbox 439 3405 573 3476; x_wconf 85' lang='lat' dir='ltr'>tempore</span> <span class='ocrx_word' id='word_1_299' title='bbox 592 3396 721 3457; x_wconf 83' lang='lat' dir='ltr'>vindices</span> <span class='ocrx_word' id='word_1_300' title='bbox 744 3392 882 3453; x_wconf 81' lang='lat' dir='ltr'>adfuturi.</span> <span class='ocrx_word' id='word_1_301' title='bbox 924 3389 970 3449; x_wconf 90' lang='lat' dir='ltr'>Tu</span> <span class='ocrx_word' id='word_1_302' title='bbox 992 3406 1072 3456; x_wconf 88' lang='lat' dir='ltr'>vero,</span> <span class='ocrx_word' id='word_1_303' title='bbox 1093 3393 1125 3445; x_wconf 70' lang='lat' dir='ltr'>is</span> 
     </span>
    </p>
   </div>
   <div class='ocr_carea' id='block_1_3' title="bbox 91 3470 1073 3556">
    <p class='ocr_par' dir='ltr' id='par_1_3' title="bbox 91 3470 1073 3556">
     <span class='ocr_line' id='line_1_39' title="bbox 91 3470 1073 3556; baseline -0.02 -8"><span class='ocrx_word' id='word_1_304' title='bbox 91 3489 137 3548; x_wconf 89' lang='lat' dir='ltr'>cui</span> <span class='ocrx_word' id='word_1_305' title='bbox 160 3485 314 3554; x_wconf 87' lang='lat' dir='ltr'>Seleucea,</span> <span class='ocrx_word' id='word_1_306' title='bbox 337 3500 472 3544; x_wconf 81' lang='lat' dir='ltr'>maxuma</span> <span class='ocrx_word' id='word_1_307' title='bbox 484 3480 619 3549; x_wconf 91' lang='lat' dir='ltr'>urbium,</span> <span class='ocrx_word' id='word_1_308' title='bbox 640 3492 824 3556; x_wconf 84' lang='lat' dir='ltr'>regnumque</span> <span class='ocrx_word' id='word_1_309' title='bbox 842 3472 969 3535; x_wconf 87' lang='lat' dir='ltr'>Persidis</span> <span class='ocrx_word' id='word_1_310' title='bbox 980 3470 1073 3531; x_wconf 90' lang='lat' dir='ltr'>inclu-</span> 
     </span>
    </p>
   </div>
   <div class='ocr_carea' id='block_1_4' title="bbox 0 0 1216 3854">
    <p class='ocr_par' dir='ltr' id='par_1_4' title="bbox 0 0 1216 3854">
     <span class='ocr_line' id='line_1_40' title="bbox 0 0 1216 3854; baseline 0 2"><span class='ocrx_word' id='word_1_311' title='bbox 0 0 1216 3854; x_wconf 95' lang='lat' dir='ltr'> </span> 
     </span>
    </p>
   </div>
  </div>
 </body>
</html>
