2422 3854
260 226 304 268 nu
324 224 495 268 osummsn
514 223 756 269 commnione
781 224 807 268 o.
823 216 865 270 52.
884 219 926 272 sd
1040 205 1079 272 31

104 373 172 434 licet
194 389 243 433 res
260 374 323 450 ipsa
341 390 444 452 aspera
466 379 522 442 est,
544 380 590 434 set
609 390 661 433 vos
682 389 743 433 non
756 373 863 434 timetis
883 389 957 433 eam.
990 372 1083 434 Immo

104 473 174 517 vero
195 473 346 518 maxume:
366 463 411 517 set
431 457 535 518 inertia
550 463 580 518 et
594 455 713 517 mollitia
730 457 819 518 animi
840 455 913 517 alius
931 454 1019 516 alium
1033 473 1083 517 ex·

103 545 255 617 pectantes
270 541 455 610 cunctamini,
466 538 600 601 videlicet
615 539 678 601 deis
692 538 894 600 inmortalibus
906 539 1016 609 conlisi,
1034 540 1085 618 qui

104 623 182 684 bane
195 640 258 683 rem
277 622 426 701 publicam
444 640 532 701 saepe
552 624 582 683 in
597 624 743 684 maxumis
758 621 896 701 periculis
918 639 1081 684 servavere.

81 704 169 769 sNou
189 707 262 767 votis
276 723 373 786 neque
395 704 545 784 subpliciis
561 704 755 768 muliebribus
771 705 876 767 auxiba
891 705 1015 767 deorum
1031 723 1083 784 pa·
1093 706 1127 759 29

103 796 222 850 rantur:
239 788 393 866 vigilando,
408 789 534 867 agundo,
550 788 627 850 bene
637 787 820 850 consulundo
832 806 975 867 prospere
987 790 1084 850 omnia

103 872 225 934 cedunt:
245 872 297 934 ubi
314 872 467 935 socordiae
487 881 517 934 te
538 881 626 952 atque
644 874 776 950 ignauiae
789 871 958 941 tradideris,
981 874 1084 951 nequi·

103 972 191 1034 quam
212 955 284 1018 deos
300 954 445 1035 inplores:
467 957 533 1017 irati
553 956 708 1035 infestique
731 962 808 1017 sunt.
852 954 937 1034 Apud
957 956 1083 1017 maiores
1093 955 1127 1007 30

102 1046 219 1100 nostros
230 1038 263 1101 T.
272 1038 396 1101 Manlius
407 1040 574 1120 Torquatus
584 1038 662 1101 bello
674 1038 783 1103 Gallico
795 1037 887 1100 fllium
898 1055 994 1108 suum,
1007 1038 1086 1118 quod
1122 1077 1125 1082 -

71 1140 94 1183 ro
103 1122 128 1182 is
143 1129 245 1183 contra
253 1125 413 1201 imperium
425 1125 455 1184 in
469 1123 584 1185 bostem
597 1131 792 1201 pugnaverat,
814 1123 916 1184 necari
933 1123 1024 1191 iussit,
1042 1127 1084 1182 at·

105 1223 162 1283 qus
177 1205 225 1267 ille
241 1208 377 1284 egregius
393 1206 565 1269 adulescens
582 1207 782 1268 inmoderatae
796 1205 974 1267 fortitudinis
989 1211 1085 1265 morte

104 1305 216 1367 poenas
230 1289 325 1350 dedit:
346 1308 398 1350 vos
413 1290 450 1351 de
466 1289 684 1351 crudelissumis
704 1291 841 1368 paricidis
863 1289 933 1368 quid
953 1289 1084 1350 statuatis
1093 1287 1125 1341 31

105 1373 299 1432 cunctamini?
325 1370 465 1434 Videlicet
480 1379 578 1433 cetera
588 1375 646 1433 vita
657 1389 761 1433 eorum
775 1372 845 1432 huic
859 1370 964 1432 sceleri
979 1371 1084 1432 obstat.

105 1452 215 1514 Verum
235 1457 346 1533 parcite
367 1455 500 1532 dignitati
519 1454 651 1524 Lentuli,
673 1456 698 1515 si
720 1456 782 1534 ipse
800 1455 970 1533 pudicitiae,
996 1456 1021 1515 si
1042 1455 1127 1515 [aas

71 1553 171 1603 ismae
191 1555 275 1608 suae,
297 1540 322 1600 si
346 1534 411 1602 d'els
438 1545 488 1600 aut
517 1537 685 1599 hominibus
702 1555 842 1618 umquam
857 1536 924 1598 ullis
938 1539 1085 1618 pepercit:

104 1621 245 1698 ignoscite
261 1620 380 1700 Cethegi
398 1623 622 1692 adulescentiae,
641 1622 696 1683 uisi
716 1623 824 1684 iterum
844 1622 956 1699 patriae
975 1620 1129 1682 bellumat

104 1704 181 1765 lecit.
224 1705 298 1767 Nam
314 1707 384 1786 quid
402 1722 458 1783 ego
479 1707 516 1767 de
531 1706 654 1769 Gabinio
675 1705 786 1767 Statilio
805 1705 945 1783 Caepario
963 1703 1126 1784 loquartas

105 1787 211 1864 quibus
227 1790 251 1849 si
268 1791 424 1868 quicquam
439 1807 579 1869 umquam
597 1791 681 1867 pensi
699 1790 817 1858 luisset,
840 1807 900 1849 non
915 1805 950 1849 ea
967 1787 1086 1848 consilia

106 1870 141 1930 de
159 1888 193 1931 re
214 1871 331 1950 publica
349 1872 529 1933 habuissent.
552 1873 720 1941 Postremo,
743 1879 842 1950 patres
869 1872 1039 1950 conscripti,
1060 1872 1128 1933 siet

70 1953 288 2017 semebereules
308 1961 430 2035 peccato
450 1954 534 2017 locus
554 1963 639 2024 esset,
656 1955 740 2016 lacile
762 1961 880 2035 paterer
898 1971 951 2014 vos
970 1955 1033 2032 ipsa
1052 1971 1086 2013 re

104 2039 232 2115 conrigi,
249 2041 387 2119 quomam
402 2038 492 2101 verba
507 2039 705 2100 contemnitis:
721 2046 766 2100 set
780 2038 910 2118 undique
924 2038 1085 2099 circumve·

103 2121 145 2180 nti
160 2139 271 2184 sumus.
300 2123 421 2185 Catilina
436 2141 504 2184 oum
520 2125 651 2185 exercitu
668 2121 802 2184 saucibus
816 2127 932 2201 urguet,
949 2119 996 2182 alii
1010 2121 1085 2181 intra

103 2207 218 2266 moenia
233 2212 321 2284 atque
336 2209 367 2269 iu
382 2208 449 2268 sinu
464 2205 575 2287 [urbis]
596 2213 665 2267 sunt
677 2206 785 2275 hostes,
808 2224 904 2285 neque
919 2205 1018 2283 parari
1034 2222 1086 2264 ns·

104 2304 162 2365 que
177 2289 290 2350 consuli
304 2291 459 2368 quicquam
476 2300 574 2369 potest
595 2294 724 2352 occulte:
739 2307 796 2367 quo
810 2290 903 2364 magis
923 2304 1086 2365 properan-

69 2393 94 2433 as
105 2371 175 2430 dum
190 2378 244 2431 est.

164 2455 228 2527 Qua
238 2471 273 2516 ra
283 2472 338 2534 ego
349 2456 392 2516 ita
401 2471 523 2517 censeo:
536 2467 604 2517 cum
615 2457 729 2517 nelarie
740 2453 864 2516 oonsilio
876 2452 1087 2513 sceleratorum
1096 2453 1130 2507 36

105 2538 210 2600 civium
231 2556 280 2601 res
300 2537 418 2617 publica
435 2540 465 2598 in
482 2555 619 2598 maxuma
639 2535 770 2615 pericula
790 2536 913 2604 venerit,
937 2536 1023 2615 eiquo
1044 2536 1087 2595 in·

104 2621 179 2683 dicio
191 2622 225 2682 T.
245 2621 375 2684 Volturci
387 2630 416 2684 et
436 2621 602 2699 legatorum
618 2619 810 2698 Allobrogum
833 2619 955 2681 convicti
973 2617 1087 2679 confes·

104 2705 189 2782 siquo
202 2707 268 2776 sint,
290 2705 409 2787 caedem
424 2705 559 2767 incendia
575 2704 688 2783 aliaque
702 2723 735 2766 se
755 2704 841 2765 foeda
856 2709 943 2781 atque
958 2701 1088 2764 crudelia

70 2786 236 2852 soiaoinora
251 2791 281 2848 in
302 2790 370 2850 civis
388 2791 571 2868 patriamque
586 2790 748 2867 paravisse,
769 2788 806 2849 de
827 2785 983 2856 confessis,
1003 2787 1088 2847 sicuti

105 2872 142 2933 de
157 2871 327 2932 manufestis
340 2890 440 2934 rerum
458 2870 639 2951 capitalium,
658 2888 741 2933 more
755 2872 899 2932 maiorum
912 2869 1088 2949 subplicium

105 2953 303 3017 sumundum!

189 3040 348 3118 Postquam
364 3038 434 3100 Cato
448 3038 574 3108 adsedit,
599 3037 767 3100 consulares
783 3056 885 3100 omnes
898 3039 1026 3115 itemque
1041 3051 1087 3095 se·
1098 3027 1137 3089 53

106 3130 192 3186 natus
205 3141 312 3200 magna
333 3139 403 3203 pars
419 3122 593 3183 sententiam
608 3124 671 3184 eius
688 3121 822 3193 laudant,
841 3123 979 3183 virtutem
1000 3117 1089 3178 animi

71 3228 97 3272 ss
107 3207 143 3270 ad
159 3206 272 3269 caelum
283 3207 399 3269 lerunt:
414 3205 462 3267 alii
473 3204 544 3266 alios
554 3207 740 3285 increpantes
750 3206 867 3267 timidos
880 3208 1000 3270 vocant,
1018 3199 1088 3261 Cato

108 3291 204 3354 clarus
226 3299 449 3371 atquomaguus
467 3287 606 3351 babetur:
627 3292 720 3352 senati
733 3290 885 3351 decretum
895 3287 928 3347 lit
947 3285 1021 3346 siout
1040 3282 1088 3344 illa

109 3382 334 3521 censuggatffi
349 3458 440 3522 multa
454 3458 581 3541 legenti,
593 3457 690 3523 multa
706 3456 861 3526 audienti,
880 3468 964 3532 apae
973 3447 1149 3524 ἥψω
