2422 3854
260 208 303 248 nn
324 206 427 248 annno
451 206 651 250 rusvnrnnro
670 206 698 250 c.
715 197 774 252 111.
799 198 858 252 113·
882 197 941 250 114.
1030 189 1088 252 107

107 359 225 415 ventam
245 352 353 414 frustra
377 354 480 416 fuisse:
503 362 633 416 ceterum
654 354 789 416 Bocchus
810 356 835 414 si
856 354 999 416 ambobus
1021 371 1117 422 con-a

106 435 217 498 sultum
239 443 382 498 stratam
409 456 513 515 pacem
534 437 632 507 vellet,
662 438 746 498 daret
772 455 892 516 operam
913 446 946 499 ut
971 456 1030 500 una
1051 439 1087 500 ab

106 519 244 581 omnibus
261 521 343 599 quasi
358 521 394 582 de
410 539 483 598 pace
498 524 528 583 in
545 520 731 600 conloquium
747 521 903 592 veniretur,
921 522 1020 601 ibique
1034 522 1090 584 sibi

104 601 215 663 Sullam
227 604 371 665 traderet:
392 623 459 666 cum
473 605 560 666 talem
576 605 670 665 virum
688 605 718 664 iu
734 610 908 683 potestatem
929 605 1086 675 habuisset,

81 691 167 746 stum
196 686 260 747 fore
282 688 325 748 uti
343 687 424 749 iussu
446 686 577 769 [senatus
600 685 663 767 aut]
685 687 787 767 populi
809 685 960 768 [Romani]
985 689 1088 751 foedus

101 769 201 830 deret:
218 787 314 849 neque
327 770 477 832 hominem
491 770 629 840 nobilem,
642 789 702 832 non
718 789 770 832 sua
785 771 897 847 ignaria
913 780 957 833 set
972 772 1087 834 obrem

101 850 248 930 publicam
270 855 300 913 in
321 854 449 916 hostium
470 860 627 932 potestate,
650 854 796 924 relictum,
809 855 854 915 iri.
1110 861 1111 864 ’

184 935 263 998 ilaec
274 936 394 1000 Maurus
405 956 506 1000 secum
515 940 578 1018 ipse
593 938 642 1000 diu
659 937 776 998 volvens
790 937 909 998 tandem
919 939 1068 1015 promisit:
1079 940 1137 1002 113

102 1024 235 1079 ceterum
253 1019 319 1080 dolo
341 1032 378 1082 an
395 1040 464 1083 vere
483 1028 644 1090 cunctatus,
667 1039 773 1099 parum
794 1022 991 1098 conperimus.
1036 1023 1088 1084 Set

67 1113 91 1154 ω
99 1101 276 1181 plerumque
294 1106 393 1181 regiae
413 1104 584 1175 voluntates,
604 1113 637 1166 ut
657 1105 859 1175 vehementes,
889 1106 930 1166 sic
952 1104 1084 1176 mobiles,

101 1202 189 1263 saepe
208 1187 289 1264 ipsae
311 1187 366 1248 sibi
387 1189 535 1251 advorsae.
574 1189 678 1250 Postea
693 1194 826 1267 tempore
849 1193 878 1249 et
897 1187 963 1249 loco
980 1192 1113 1256 consti-2

100 1274 178 1337 tuto,
203 1271 234 1329 in
256 1269 442 1348 conloquium
463 1273 507 1332 uti
527 1272 563 1334 de
584 1290 658 1349 paco
681 1273 841 1339 veniretur,
864 1270 999 1334 Bocchus
1022 1273 1088 1334 Sul·

99 1350 159 1411 lam
175 1352 273 1422 modo,
291 1352 379 1412 modo
396 1353 555 1432 Iugurthae
573 1354 702 1431 legatum
716 1353 873 1431 adpellare,
891 1353 1018 1431 benigne
1035 1357 1086 1417 ha·

99 1432 181 1503 bere,
205 1435 282 1497 idem
303 1434 446 1498 ambobus
463 1437 604 1517 polliceti.
628 1436 671 1498 Illi
690 1439 801 1515 pariter
819 1436 887 1498 laeti
908 1456 942 1496 ac
957 1440 1020 1515 spei
1034 1438 1087 1498 bo·

65 1530 90 1571 1⁶
99 1534 155 1578 nae
169 1517 248 1597 pleni
263 1537 337 1581 esse.
374 1520 425 1582 Set
438 1528 525 1583 nocte
544 1539 592 1591 ea,
609 1540 683 1601 quae
696 1537 840 1599 proxuma
856 1519 911 1581 luit
927 1525 995 1580 ante
1011 1521 1088 1583 diem
1106 1539 1122 1590 s

100 1599 256 1680 conloquio
273 1603 440 1675 decretum,
456 1604 575 1667 Maurus
590 1604 726 1667 adhibitis
744 1604 844 1665 amicis
869 1620 905 1665 ac
923 1604 1020 1665 statim
1042 1604 1087 1665 in-

94 1693 207 1748 mutata
229 1687 377 1748 voluntate
398 1689 520 1748 remotis
542 1685 649 1747 dicitur
671 1702 771 1746 secum
793 1684 859 1763 ipse
880 1680 1006 1744 multum
1022 1681 1084 1755 agl·

95 1771 217 1839 tavisse,
240 1771 319 1831 voltu
342 1779 372 1831 et
392 1769 486 1832 oculis
508 1770 620 1846 pariter
642 1776 731 1848 atque
753 1768 850 1827 auimo
873 1766 969 1825 rarius
992 1762 1085 1844 [quae

99 1852 211 1912 scilicet
230 1858 345 1913 tacente
364 1853 429 1930 ipso
451 1851 563 1913 occulta
581 1853 710 1929 pectoris
728 1847 926 1927 patefecisse]⁸
975 1846 1113 1914 Taman4

65 1941 248 2012 aspostremo
264 1934 374 1997 Sullam
391 1935 503 1997 accersi
520 1935 601 1996 iubet
621 1941 650 1995 et
672 1951 707 1995 ex
729 1931 805 1993 illius
828 1931 971 1991 sententia
988 1929 1088 1990 Numi·

98 2019 153 2079 dac
174 2019 292 2081 insidias
309 2019 410 2081 tendit.
454 2018 578 2089 Deinde,
600 2018 652 2080 ubi
674 2018 736 2078 dies
750 2015 866 2077 advenit
886 2019 915 2074 et
930 2013 957 2073 ei
971 2013 1113 2080 nuntia-5

98 2108 162 2163 tum
174 2110 217 2162 est
226 2103 398 2179 Iugurtham
408 2104 479 2164 haut
492 2102 597 2181 procul
613 2101 731 2171 abessa
748 2116 815 2160 cum
825 2097 927 2178 paucis
943 2097 1043 2158 amicis
1060 2102 1089 2157 ot

100 2193 255 2264 quaestore
276 2192 377 2246 nostro
399 2189 483 2265 quasi
505 2187 607 2247 obvius
629 2185 749 2245 honoris
778 2199 866 2244 causa
897 2180 1030 2258 procedit
1056 2181 1086 2240 in

98 2267 245 2329 tumulum
267 2267 448 2329 facillumum
474 2271 538 2329 risu
564 2267 776 2329 insidiantibus.
825 2265 937 2326 Eodem
963 2264 1115 2332 Numidae

65 2367 168 2413 acum
179 2351 327 2428 plerisque
342 2352 515 2411 necessariis
529 2351 590 2411 suis
603 2351 732 2417 inermis,
752 2349 794 2408 uti
817 2347 926 2406 dictum
947 2352 1018 2413 erat,
1039 2346 1090 2405 ad·

100 2434 177 2496 cedit
199 2452 233 2494 ac
251 2434 348 2494 statim
369 2434 452 2509 signo
476 2434 543 2494 dato
564 2431 694 2511 undique
714 2428 800 2490 simul
820 2445 857 2488 ex
877 2426 988 2487 insidiis
1010 2427 1089 2488 inra-

101 2519 188 2579 ditur.
232 2516 328 2578 Ceteri
350 2515 530 2577 obtruncati:
551 2514 692 2592 Iugurtha
708 2511 805 2574 Sullae
825 2511 939 2571 vinctus
960 2510 1112 2574 traditura

101 2609 130 2662 et
152 2600 188 2662 ab
212 2619 247 2662 eo
270 2601 306 2661 ad
323 2600 449 2662 hiarium
469 2599 612 2661 deductus
635 2608 687 2657 est.

183 2683 242 2746 Per
260 2684 338 2745 idem
350 2689 467 2761 tempus
482 2683 639 2744 advorsum
654 2680 751 2741 Gallos
768 2679 804 2739 ab
821 2676 946 2738 duobus
964 2677 1072 2736 nostris
1083 2677 1140 2738 111

66 2765 136 2839 sot).
152 2765 304 2846 Caepione
313 2772 343 2828 et
359 2767 413 2828 Gn.
429 2765 536 2829 hlanho
550 2765 628 2828 male
643 2768 824 2844 pugnatum:
840 2776 899 2840 quo
915 2764 996 2820 metu
1010 2757 1091 2821 ltaha

101 2851 197 2914 omnis
216 2852 402 2912 contremuit.
440 2849 572 2929 Illimque
591 2865 686 2928 nsque
706 2847 742 2908 ad
763 2851 895 2907 nostram
917 2843 1115 2905 memoriama

101 2935 226 2996 Romani
256 2935 297 2995 sic
319 2934 459 3005 habuere,
489 2934 543 2995 aha
564 2935 660 2994 omnia
687 2930 784 2992 virtuti
805 2946 876 2990 suae
897 2944 991 3005 prona
1015 2943 1089 2996 esse,

103 3036 171 3080 cum
193 3018 282 3080 Gallis
303 3037 359 3098 pro
381 3018 482 3089 salute,
505 3035 566 3078 non
579 3035 635 3096 pro
663 3014 757 3092 gloria
778 3012 896 3075 certari.
940 3009 991 3072 bet
1008 3016 1116 3088 post-a

103 3119 191 3182 quam
219 3101 329 3164 bellum
348 3104 378 3164 in
399 3101 534 3164 Numidia
551 3100 718 3162 coniectum
735 3102 765 3160 et
779 3093 951 3175 Iugurtham
965 3091 1090 3152 Romam

69 3187 231 3247 usmetum
247 3185 353 3249 adduci
368 3187 532 3248 nuntiatum
548 3191 600 3254 est,
624 3182 732 3244 Marius
748 3178 851 3243 consul
866 3177 973 3238 absens
993 3173 1090 3235 iactus

104 3276 147 3330 est
167 3276 196 3330 et
215 3270 242 3331 ei
261 3269 379 3332 decreta
395 3270 543 3349 provincia
559 3267 666 3330 Gallia:
688 3267 772 3346 isque
792 3259 930 3324 Kalendis
947 3257 1088 3319 Ianuariis

103 3370 209 3431 magua
228 3351 321 3430 gloria
335 3355 439 3418 consul
455 3352 652 3430 triumphavit.
684 3349 719 3410 lit
735 3349 950 3421 eatempestate
962 3357 1029 3419 spes
1041 3345 1111 3404 aba

105 3454 162 3515 que
174 3455 254 3516 opes
277 3440 448 3502 civitatum
469 3437 519 3498 illo
538 3437 619 3496 sitae.
