2422 3854
132 206 173 268 94
339 223 382 264 ns
400 222 502 265 sunno
526 221 727 267 warenniae
751 221 779 264 e.
799 214 844 269 91.
866 214 911 269 92.

132 371 189 433 levi
202 371 384 436 munimento
399 371 501 449 positis
516 369 622 431 militas
635 367 734 431 cibum
748 386 855 448 capere
869 375 957 447 atque
973 373 1018 433 uti
1031 373 1119 436 simul
1155 395 1159 402 ·

133 471 201 516 cum
218 471 325 515 occasu
339 452 409 515 solis
426 454 640 533 egrederentur
654 460 772 532 paratos
788 469 853 514 esse
866 451 963 514 iubet:
980 455 1119 520 omnibus

105 537 254 606 ssarcin‘m
267 535 388 600 abiectis
402 553 478 617 aqua
494 536 582 598 modo
597 553 689 616 seque
703 543 732 598 et
743 537 873 598 iumenta
884 553 1019 602 onerare.
1041 540 1118 605 Dein

131 627 288 701 postquam
301 627 417 700 tempus
430 622 539 691 rbum,
554 621 657 682 caruis
671 621 822 698 emetitur
834 626 1012 701 noctemque
1025 630 1120 688 totam

131 705 237 767 itinere
248 703 326 766 lacto
338 705 486 767 consedit:
502 703 579 766 idem
590 720 733 782 proxuma
745 705 830 766 laeitz
844 704 913 766 dein
925 707 1013 769 tertia
1025 707 1138 771 mutor

132 795 200 848 ante
213 787 287 849 lucis
302 788 458 850 adventum
472 789 606 867 pervenit
619 789 650 849 in
663 788 762 849 locum
772 787 962 859 tumulosum,
975 789 1012 852 ab
1025 791 1119 871 Capsa

131 888 192 932 non
214 870 339 951 amplius
361 872 452 934 duum
472 872 585 934 milium
599 871 767 942 intervallo,
786 871 886 952 ibique
906 890 996 952 quam
1018 875 1119 937 ocem·

104 955 252 1019 stissume
272 962 370 1033 potest
389 972 457 1017 eum
479 955 614 1018 omnibus
629 956 721 1034 copiis
737 957 878 1034 operitur.
915 956 968 1018 Set
987 956 1040 1019 ubi
1056 958 1119 1020 dies

131 1039 231 1119 coepit
255 1045 284 1100 et
307 1038 450 1101 Numidae
475 1037 545 1100 nibil
578 1039 683 1101 hostile
709 1045 873 1102 metuentes
897 1039 981 1102 multi
1009 1041 1118 1121 oppido

131 1123 257 1200 egressi,
272 1129 395 1202 repente
410 1138 528 1185 omnem
543 1124 703 1202 equitatum
722 1128 833 1185 etcum
853 1125 895 1184 eis
910 1123 1119 1188 velocissumos
1127 1145 1149 1200 o

129 1206 245 1284 pedites
264 1223 354 1268 cursu
375 1207 497 1268 tendere
518 1207 556 1269 ad
569 1206 693 1285 Capsam
710 1213 740 1268 et
755 1214 856 1285 portas
869 1207 1005 1271 obsidere
1018 1209 1118 1272 iubet:

131 1289 237 1352 deinde
255 1291 319 1370 ipse
340 1291 469 1352 intentus
488 1307 617 1369 propere
635 1292 719 1371 sequi
740 1307 837 1370 neque
854 1290 960 1352 milites
979 1292 1118 1370 praedari

106 1374 239 1436 asinere.
277 1373 359 1446 Quae
373 1380 530 1454 postquam
551 1373 687 1455 oppidani
705 1391 885 1453 cognovere,
904 1392 955 1436 res
975 1376 1116 1456 trepidae,

132 1463 227 1518 metus
244 1457 363 1534 iugens,
380 1457 490 1520 malum
505 1458 694 1538 inprovisum,
707 1457 744 1519 ad
758 1457 816 1519 boc
829 1475 899 1537 pars
913 1459 1020 1522 civium
1034 1467 1117 1522 extra

130 1540 247 1601 moenia
258 1541 289 1602 iu
300 1540 429 1603 bostium
440 1547 583 1621 potestate
595 1558 720 1620 coegere
734 1542 776 1603 uti
786 1540 963 1603 deditionem
974 1540 1116 1605 iacerent.
1126 1558 1148 1599 u

104 1622 271 1684 bCeterum
295 1624 435 1702 oppidum
456 1627 625 1695 incensum,
647 1623 791 1686 Numidae
810 1623 938 1703 puberes
960 1627 1117 1699 interfeci,

106 1704 181 1766 salii
195 1722 298 1767 omues
313 1725 439 1769 vaenum
450 1709 524 1770 dati:
538 1707 648 1786 praeda
662 1707 803 1769 militibus
819 1707 917 1769 divisa
954 1708 988 1770 ld
1002 1709 1118 1773 lacinus

132 1791 295 1852 contraius
309 1788 379 1852 belli
396 1808 456 1853 non
470 1793 588 1854 avaritia
607 1809 705 1874 nequeo
725 1790 837 1853 scelere
858 1790 986 1853 consulis
1009 1792 1117 1855 admis-

129 1887 204 1942 sum,
228 1879 273 1932 set
287 1874 357 1950 quia
370 1871 454 1934 locus
468 1871 628 1951 iugurthae
640 1878 833 1951 opportunus,
849 1874 937 1935 uobis
948 1875 1030 1938 aditu
1044 1877 1120 1942 dilli-

130 1953 203 2025 cilis,
220 1973 314 2035 genus
327 1955 483 2018 bominum
498 1956 607 2017 mobile
621 1955 760 2025 mudum,
782 1954 879 2039 [anu]
895 1975 993 2038 neque
1007 1959 1119 2025 beneti-
1128 1987 1152 2030 n

129 2039 176 2099 cio
198 2057 297 2116 neque
319 2045 400 2099 metu
422 2042 593 2101 coercitum.

77 2123 118 2184 92
213 2122 374 2202 Postquam
389 2127 500 2182 tantam
513 2138 577 2182 rem
590 2121 699 2181 diarius
713 2120 776 2180 sine
790 2117 850 2179 ullo
865 2135 987 2179 suorum
1001 2116 1114 2177 incom-

128 2205 217 2267 modo
245 2206 334 2280 secte,
360 2221 485 2282 magnus
506 2211 536 2267 et
557 2204 654 2266 clarus
676 2209 769 2272 antea,
790 2203 884 2262 maior
905 2208 992 2280 atque
1007 2197 1115 2261 almior

103 2289 232 2352 ebeberi
248 2292 353 2369 coepit
383 2287 487 2351 Omnia
505 2305 564 2350 non
580 2288 657 2350 bene
672 2285 804 2348 consulta
817 2286 848 2346 in
863 2286 1001 2361 virtutem
1015 2282 1114 2344 trahe·

128 2374 253 2435 bantura
273 2373 393 2443 militas,
408 2374 541 2435 modesto
552 2369 779 2451 impertubabili
793 2367 880 2431 simul
900 2374 930 2430 et
942 2366 1145 2448 locupletasse

129 2458 166 2519 ad
187 2456 301 2519 caelum
321 2458 416 2526 ferre,
439 2455 581 2518 Numidae
603 2456 696 2532 magis
718 2471 806 2533 quam
823 2451 978 2513 mortalem
999 2452 1114 2519 timere,

129 2547 279 2620 postremo
295 2557 406 2610 omnes,
423 2542 494 2601 socii
507 2547 595 2619 atque
609 2539 719 2607 hostes,
736 2537 858 2598 credere
872 2535 914 2596 illi
924 2541 975 2596 aut
986 2540 1115 2597 mentem

130 2623 257 2685 divinam
278 2640 342 2684 esse
363 2630 414 2685 aut
434 2624 558 2685 deorum
578 2629 652 2684 nutu
674 2627 780 2682 cuncta
796 2618 942 2699 portendi.
1005 2670 1007 2674 Α

104 2720 121 2770 3
216 2707 267 2768 Set
282 2706 400 2777 consul,
415 2706 467 2769 ubi
482 2726 517 2770 ea
528 2724 577 2769 res
587 2704 665 2767 bene
680 2704 789 2774 evenit,
807 2702 844 2764 ad
859 2701 913 2763 alia
929 2701 1035 2781 oppida
1046 2719 1114 2781 par·

130 2791 180 2868 git,
193 2807 286 2867 pauca
300 2791 532 2871 repugnantibus
544 2787 679 2853 Numidis
693 2787 779 2867 cepit,
790 2784 886 2866 plura,
895 2789 1146 2864 dmoetopropoo

129 2880 176 2934 ter
190 2873 381 2952 Capsensium
395 2876 537 2945 miserias,
553 2872 614 2950 igni
629 2871 809 2949 conrumpit:
824 2869 906 2931 luctu
921 2876 1008 2948 atque
1025 2868 1117 2930 caede

103 2959 230 3019 somnia
251 2957 434 3037 conplentur.
466 2956 599 3036 benique
614 2953 713 3016 multis
729 2953 802 3016 locis
816 2954 934 3034 potitus,
956 2969 992 3012 ac
1010 2949 1117 3029 pleris-

132 3059 188 3122 que
204 3044 334 3104 exercitu
349 3043 513 3111 incruento,
536 3039 623 3102 aliam
643 3055 708 3100 rem
728 3038 907 3116 adgreditur,
928 3051 989 3097 non
1011 3034 1117 3096 eadem

131 3128 286 3208 asperitate
308 3141 365 3206 qua
385 3125 590 3204 Capsensium,
610 3130 742 3186 ceterum
760 3122 833 3184 baut
852 3136 937 3183 secus
957 3117 1115 3181 difficilem.

103 3213 121 3263 b
214 3210 348 3289 Namque
361 3208 433 3271 baut
446 3208 534 3286 longe
550 3226 567 3269 a
582 3209 702 3270 flumina
723 3205 894 3278 Muluccha,
914 3203 994 3283 quod
1010 3203 1149 3279 Iugur-ss

130 3294 199 3355 tbae
213 3293 381 3374 Bocchique
391 3309 517 3371 regnum
528 3290 723 3370 daungebat,
740 3297 804 3353 erat
817 3291 894 3349 iuter
909 3293 1038 3383 ceteram
1052 3284 1117 3384 pla·

131 3377 232 3438 nitiem
246 3395 331 3440 mous
349 3394 464 3447 sucus,
486 3377 628 3439 mediocri
648 3373 766 3438 castello
787 3373 857 3434 satis
877 3376 996 3448 patens,
1017 3385 1049 3429 tn
1070 3386 1116 3430 m·

132 3477 266 3523 mensum
288 3462 396 3533 editus,
419 3478 480 3524 uno
494 3467 673 3542 perangusto
693 3459 772 3521 aditu
787 3454 904 3518 rebus:
927 3471 997 3517 nam
1019 3453 1117 3514 omnis
