2422 3854
326 202 372 248 on
392 200 495 242 nunno
519 199 697 244 trumuine
719 198 747 242 u.
767 190 794 245 4.
818 194 846 244 a·
1038 178 1079 242 30

79 385 81 392 ·
99 349 195 412 claros
215 349 294 409 viros
316 345 416 407 subtus
431 348 470 407 ita
491 347 607 409 dicere:
629 365 697 409 cum
710 350 855 410 maiorum
871 347 1013 424 imagines
1032 343 1080 407 lna

97 439 262 502 tuerentur,
270 429 533 493 vehementissume
544 430 600 491 sibi
611 431 739 494 animum
750 432 788 493 ad
797 432 934 493 virtutem
945 429 1077 492 adcundi.

99 515 216 577 Scilicet
228 531 288 575 non
303 530 401 574 ceram
417 512 497 574 illam
510 531 607 593 neque
621 513 746 591 figuram
766 521 877 575 tantam
891 515 949 576 rim
964 515 995 575 in
1015 519 1107 575 sesob

97 597 220 667 habere,
233 604 277 659 set
289 597 432 658 memoria
443 604 704 674 rerumgestarum
718 617 783 660 enm
792 598 940 659 flammam
956 598 1080 675 egregiis

74 681 168 742 urhis
188 682 218 741 in
238 687 358 758 pectore
382 697 518 742 crescere
538 699 635 759 neque
656 683 738 758 prius
760 682 857 743 sedari
878 701 967 760 quam
987 682 1080 742 virtus

99 781 203 824 eorum
225 763 333 825 lamam
354 769 442 842 atque
464 762 588 841 gloriam
604 762 818 842 adaequaverit.
847 763 884 823 dt
899 771 1001 824 contra
1016 765 1107 844 quisr

98 853 142 909 eu
156 848 288 908 omnium
298 847 344 908 his
354 846 496 917 moribus,
510 849 580 927 quin
591 848 694 909 divitiis
708 855 738 908 et
751 846 924 926 sumptibus,
937 866 997 908 non
1011 866 1081 926 pro·

97 930 187 992 bitate
201 948 298 1010 neque
314 930 457 991 industria
471 948 539 992 cum
554 931 713 992 maioribus
727 932 788 993 suis
804 931 978 992 contendatl
995 933 1082 993 etiam

98 1013 233 1075 homines
247 1014 325 1083 novi,
338 1014 389 1092 qui
399 1021 484 1076 antea
499 1033 553 1093 per
567 1016 705 1076 virtutem
719 1014 796 1076 soliti
807 1022 891 1076 crarn
900 1012 1082 1075 nobilitatem

64 1118 90 1162 ro
99 1099 276 1168 antevenire,
285 1097 387 1159 furtim
399 1105 428 1159 et
437 1115 492 1176 per
504 1098 655 1160 latrocinia
665 1100 762 1176 potius
774 1117 863 1178 quam
873 1098 959 1159 bonis
970 1097 1082 1159 artibus

99 1180 137 1242 ad
150 1183 275 1259 imperia
291 1188 320 1243 et
333 1181 463 1242 honores
483 1184 633 1244 nituntur:
655 1182 779 1260 proinde
801 1184 885 1262 quasi
898 1187 1039 1260 praetura
1054 1186 1108 1242 ett

99 1265 269 1325 consulatus
284 1270 370 1342 atque
388 1265 443 1326 alia
458 1267 554 1326 omnia
569 1265 693 1327 huiusce
706 1266 787 1326 modi
800 1284 854 1345 per
872 1284 905 1327 se
926 1267 989 1344 ipsa
1003 1264 1082 1327 clara

100 1354 129 1408 et
150 1347 306 1422 magnifica
326 1348 399 1416 sint,
422 1365 457 1408 ac
470 1366 531 1408 non
546 1348 669 1425 perinde
687 1348 852 1410 habeantur
866 1356 899 1409 ut
915 1367 1018 1411 eorum
1033 1350 1083 1428 qui

101 1447 135 1491 ea
151 1430 295 1491 sustinent
315 1430 406 1490 virtus
428 1438 481 1490 est.
515 1429 624 1492 Verum
639 1447 694 1507 ego
715 1430 836 1492 liberius
851 1431 994 1509 altiusque
1013 1435 1110 1509 pro-9

64 1537 91 1579 aa
102 1514 190 1582 cessi,
215 1512 285 1573 dum
305 1530 354 1574 me
375 1513 496 1575 civitatis
517 1531 635 1575 morum
655 1515 734 1593 piget
753 1515 924 1594 taedetque:
945 1531 1026 1575 nunc
1047 1514 1084 1575 ad

100 1598 249 1674 inceptum
268 1596 369 1658 redeo.

186 1679 302 1742 Bellum
319 1681 484 1759 scripturus
506 1698 586 1751 sum,
607 1682 687 1760 quod
707 1679 835 1760 poprdus
849 1680 999 1742 Romanus
1017 1681 1115 1742 cumb

102 1762 254 1839 Iugurtha,
269 1780 341 1840 rege
359 1764 562 1833 Numidarum,
585 1766 687 1842 gessit,
709 1767 839 1843 primum
855 1766 923 1844 quia
943 1782 1084 1844 magnum

104 1852 133 1908 et
154 1852 238 1906 atrox
260 1847 399 1925 variaque
414 1848 534 1908 victoria
556 1846 624 1918 fuit,
647 1847 754 1909 dehinc
776 1850 843 1926 quia
862 1854 933 1908 tunc
955 1850 1111 1926 primumn

65 1949 94 1992 ao
103 1929 259 2008 superbiae
273 1928 429 1991 nobilitatis
444 1929 559 1992 obviam
575 1932 648 1992 itum
663 1937 719 2000 est,
735 1949 810 2010 quae
825 1933 973 1992 eontentio
988 1931 1084 1992 divina

103 2020 133 2075 et
152 2013 281 2075 humana
295 2020 400 2075 cuncta
420 2015 591 2092 permiscuit
606 2033 701 2096 eoque
716 2015 871 2076 vecordiae
885 2015 1036 2091 processit,
1052 2021 1085 2075 ut

103 2096 205 2158 studiis
221 2096 352 2158 civilibus
370 2095 480 2159 bellum
493 2104 581 2176 atque
600 2100 717 2160 vastitas
731 2097 832 2160 ltaliae
852 2098 942 2159 tinem
962 2097 1082 2160 iaceret.
1187 2154 1193 2168 ,

104 2178 154 2242 Set
168 2181 250 2259 prius
266 2198 355 2258 quam
374 2180 592 2242 huiuscemodi
611 2184 656 2243 rei
669 2183 783 2243 irutium
799 2181 968 2260 expediam,
990 2188 1110 2260 paucae

104 2280 194 2342 supra
206 2270 347 2340 repetam,
360 2281 418 2340 quo
433 2265 471 2326 ad
485 2265 728 2340 cognoscundum
738 2266 835 2325 omnia
849 2263 981 2326 inlustria
992 2267 1085 2341 magis

67 2368 94 2408 ss
104 2346 255 2422 magisque
275 2347 306 2405 in
324 2352 426 2423 aperto
445 2347 511 2406 sint.

188 2426 271 2489 Bello
284 2429 396 2489 Punico
411 2428 549 2496 secundo,
566 2446 625 2505 quo
637 2428 696 2489 dux
711 2427 992 2504 Carthaginiensium
1007 2428 1113 2490 Han-4

103 2512 184 2574 nibal
200 2518 267 2592 post
283 2511 514 2589 magnitudinem
535 2511 661 2572 nominis
674 2510 799 2572 Romani
812 2509 912 2573 ltaliae
933 2529 1004 2589 opes
1024 2530 1085 2572 ma·

104 2616 194 2658 xume
211 2597 382 2665 adtriverat,
404 2595 568 2664 Masinissa,
592 2612 646 2655 rex
662 2594 870 2665 Numidarum
886 2597 917 2656 in
932 2595 1087 2655 amicitiam

105 2687 243 2758 receptus
265 2699 282 2740 a
300 2681 333 2741 P.
357 2679 559 2759 Scipione,cui
581 2685 683 2757 postea
702 2679 840 2740 Africano
863 2694 1027 2755 cognomen
1051 2697 1087 2740 cx

70 2784 97 2826 ao
107 2765 214 2823 virtute
224 2762 287 2831 tuit,
299 2762 389 2824 multa
405 2770 435 2825 et
450 2763 603 2843 praeclara
617 2764 662 2824 rei
675 2762 807 2824 militaris
821 2763 952 2824 facinora
966 2761 1085 2831 iecerat,

108 2847 146 2908 ob
170 2863 245 2925 quae
266 2846 347 2906 victis
368 2846 655 2924 Carthaginiensibus
670 2852 699 2907 et
717 2852 802 2925 capto
821 2845 936 2916 sittace,
959 2848 1042 2908 cuius
1057 2847 1087 2907 in

107 2930 206 2991 Africa
227 2944 367 3005 magnum
380 2935 467 3007 atquc
483 2929 540 2992 late
549 2931 708 3008 imperium
721 2928 818 2999 valuit,
839 2929 966 3008 populus
980 2929 1087 2991 Roma-

108 3030 166 3074 nus
184 3029 385 3091 quascumque
406 3011 489 3072 urbis
516 3019 545 3074 et
565 3030 653 3090 agros
673 3030 762 3074 manu
783 3021 902 3092 ceperat
923 3015 988 3090 regi
1009 3014 1087 3074 dono

112 3097 199 3159 dedit
236 3096 328 3172 Igitur
348 3096 472 3156 amicitia
486 3095 653 3158 Masinissae
668 3096 746 3157 bona
762 3102 849 3175 atque
862 3097 986 3157 honesta
1002 3094 1117 3154 nobiso

73 3197 102 3245 ts
110 3181 285 3260 permansit:
305 3177 378 3260 [set]
400 3179 508 3253 imperi
528 3179 663 3256 vitaeque
685 3179 748 3239 eius
769 3179 836 3239 huis
858 3179 938 3239 idem
958 3176 1023 3236 fuit.

194 3262 268 3324 Dein
288 3263 408 3342 Micipsa
430 3260 505 3322 hhus
519 3277 645 3338 regnum
658 3261 739 3323 solus
755 3262 880 3323 obtinuit
892 3259 1089 3322 Mastsnabale

111 3356 139 3408 et
155 3343 279 3411 Gulussa
302 3345 442 3408 iratribus
460 3343 566 3406 morbo
585 3344 756 3424 absumptis
800 3345 828 3406 ls
847 3342 1043 3406 Adherbalem
1061 3352 1090 3407 et

110 3428 306 3510 lliempsalem
326 3448 363 3493 ex
383 3446 449 3492 sese
470 3428 571 3509 genuit
608 3427 858 3508 Iugurthamque,
875 3426 977 3486 diuum
985 3427 1102 3484 Mess-
