2422 3854
129 196 169 258 60
303 215 347 257 ιιι
364 214 467 259 nunno
490 214 691 259 mnrnramo
716 214 745 260 o.
765 207 809 262 34·
833 209 878 263 35.
900 208 945 262 36.

130 362 184 422 dit:
202 362 361 461 Iugurthae
375 363 547 441 Bestiaeque
566 368 595 423 et
608 363 721 432 ceteris,
740 379 814 441 quos
827 360 877 423 illa
892 364 1023 442 quaestio
1038 382 1106 426 exa-

129 445 246 522 gitabat,
265 447 353 506 animi
370 452 540 523 augescunt

79 532 120 595 35
214 528 284 588 Ilrat
304 545 338 590 ea
355 535 526 608 tempestate
547 511 658 590 Romae
681 527 805 590 Numida
828 527 959 627 quidam.
988 532 1107 592 nomine

129 612 259 680 Massiva,
275 611 416 674 Gulussae
428 612 518 681 tilius,
535 611 703 672 Masinissae
716 627 823 689 nepos,
842 613 891 690 qui
922 612 990 689 qaia
1004 613 1034 673 in
1049 613 1107 676 dis-

128 695 263 756 sensione
283 712 388 773 regum
402 694 560 772 Iugurthae
581 694 722 755 advorsus
743 694 854 763 iuerat,
874 694 971 756 dedita
985 695 1063 757 Cirta
1079 702 1130 761 ets

103 776 292 840 ehdherbale
310 779 463 840 interfecto
476 777 619 856 profugus
641 795 677 840 cr
692 778 786 857 patria
804 775 925 838 abierat.
962 778 1037 840 IIuie
1054 779 1105 857 Sp.

76 923 79 928 ,
129 860 263 930 Albinus,
286 863 335 941 qui
356 879 500 940 proxumo
522 878 599 922 armo
614 868 681 939 post
700 862 827 922 Bestiam
842 878 909 921 cum
929 861 964 933 Q.
980 860 1106 923 Minucio

129 943 205 1005 Rufo
228 945 409 1006 consulatum
430 943 565 1023 gerebat,
595 945 766 1023 persuadet,
789 946 926 1023 quoniam
953 961 989 1006 ex
1014 947 1108 1023 stirpe

129 1027 296 1090 Masinissae
311 1030 349 1089 sit
376 1030 604 1107 Iugurthamque
627 1027 665 1089 ob
687 1027 798 1090 scelera
823 1028 928 1088 invidia
942 1045 1011 1089 cum
1026 1035 1107 1090 metu

102 1118 265 1189 anguem,
288 1129 413 1190 regnum
426 1112 579 1174 Numidiae
593 1111 630 1173 ab
645 1119 747 1173 senatu
764 1117 851 1188 petat.
881 1111 989 1172 nudas
1004 1112 1106 1174 consul
1117 1127 1143 1170 n

128 1195 333 1273 belligerandi
353 1214 472 1258 movere
484 1212 572 1275 quam
593 1213 747 1257 senescere
769 1196 865 1254 omnia
883 1194 1023 1256 malebat:
1049 1196 1105 1272 ipsi

99 1281 276 1358 aprovincia
297 1280 447 1351 Numidia,
473 1280 599 1340 MInuom
625 1279 793 1340 MacedonIa
822 1285 967 1340 evenerat
1023 1279 1106 1350 Quae

128 1367 282 1440 postquam
299 1363 420 1426 Massiva
435 1365 545 1442 agitare
567 1365 663 1440 coepit
677 1380 773 1442 neque
786 1362 945 1439 Iugurthae
960 1363 989 1421 in
1004 1363 1106 1423 amicis

129 1445 197 1504 satis
213 1447 339 1523 praesidi
350 1454 403 1518 est,
415 1447 494 1527 quod
510 1463 612 1508 eorum
624 1446 712 1507 alium
724 1447 908 1516 couscientia,
925 1445 1013 1506 alium
1028 1444 1104 1506 mala

129 1527 206 1588 lama
228 1534 257 1590 ct
270 1532 358 1590 timor
371 1529 548 1610 inpediebat,
562 1529 736 1600 bomilcari,
758 1547 903 1608 proxumo
920 1547 956 1590 ac
968 1544 1142 1591 marumeu

129 1611 187 1672 hdo
201 1611 402 1691 sibiimperat,
414 1614 524 1692 precio,
540 1615 625 1674 sicuti
636 1614 726 1675 midta
738 1613 912 1682 coniecerat,
922 1611 1108 1673 insidiatores

128 1694 267 1756 Massivae
280 1702 372 1773 paret,
388 1713 422 1757 ac
436 1712 571 1758 maxume
586 1697 714 1759 occulte:
731 1698 775 1757 sin
791 1695 822 1757 id
834 1712 939 1773 perum
952 1694 1104 1773 procedat,

102 1779 230 1858 equoris
249 1777 336 1839 modo
355 1778 509 1842 Numidam
530 1782 692 1843 interficiat.
728 1779 873 1840 Bomilcar
892 1787 1007 1839 mature
1025 1780 1106 1855 regis

128 1861 263 1922 mandata
286 1865 439 1941 exequitur
461 1871 489 1925 et
503 1882 557 1942 per
570 1866 705 1926 homines
721 1863 790 1923 talis
808 1863 906 1938 negoti
921 1861 1045 1921 unificos
1059 1863 1105 1921 iti·

128 1945 200 2005 nera
216 1962 408 2025 egressusque
424 1949 501 2018 eius,
517 1955 666 2027 postremo
680 1947 744 2008 loca
756 1952 986 2024 atquetempora
1000 1952 1140 2006 cunctare

105 2027 276 2106 oexplorat:
297 2029 410 2100 deinde,
425 2030 476 2091 ubi
495 2048 544 2091 res
560 2030 734 2108 postulabat,
753 2027 870 2088 insidias
885 2029 985 2088 tondit.
1014 2026 1107 2105 Igitur

127 2128 204 2171 unus
224 2129 261 2172 ex
281 2131 315 2174 eo
335 2130 473 2184 numero,
502 2115 552 2192 qni
571 2114 608 2174 ad
629 2113 748 2174 caedem
774 2113 869 2189 parati
892 2118 991 2180 erant,
1018 2111 1106 2189 paulo

128 2194 317 2256 inconsultius
331 2196 483 2258 Massivam
497 2196 684 2275 adgreditur.
700 2195 782 2256 illum
797 2193 968 2264 obtruncat,
984 2195 1051 2254 set
1043 2210 1107 2272 ipse

128 2277 328 2355 deprehensus
343 2280 441 2342 multis
459 2278 642 2341 hortantibus
659 2286 688 2341 et
704 2278 850 2357 inprimis
865 2277 970 2337 Albino
986 2276 1106 2337 consule

102 2360 266 2425 indicium
277 2365 440 2443 profitetur.
467 2363 513 2424 I'it
523 2380 593 2424 rens
608 2363 700 2441 magis
712 2380 747 2424 ex
760 2378 855 2441 aequo
868 2359 1006 2439 bonoque
1018 2377 1106 2439 quam
1115 2377 1140 2419 ιι

128 2461 164 2504 ex
181 2446 245 2506 iure
261 2449 390 2524 gentium
405 2446 559 2515 bomilcar,
575 2463 673 2508 comcs
695 2449 756 2507 eius
778 2447 827 2524 qui
842 2445 965 2505 Romam
979 2443 1038 2503 flde
1050 2460 1106 2521 pu·

102 2526 203 2588 eblica
223 2536 352 2591 venerat.
383 2531 420 2590 At
442 2527 581 2607 Iugurtha
595 2530 776 2591 manufestus
795 2530 869 2588 tanti
890 2526 1009 2587 sceleris
1046 2539 1106 2587 uon

127 2613 208 2688 prius
227 2614 323 2673 omisit
344 2619 446 2674 contra
467 2629 568 2672 verum
584 2615 650 2683 niti,
671 2630 758 2690 quam
772 2613 902 2672 animum
916 2609 1043 2672 advortit
1056 2627 1105 2672 su·

101 2702 118 2754 9
126 2710 180 2771 pra
191 2696 313 2770 gratiam
328 2703 414 2774 atque
427 2696 582 2773 pecuniam
596 2713 680 2756 suain
688 2695 822 2755 invidiam
832 2695 900 2756 iacti
913 2713 985 2756 esse.
1003 2693 1104 2773 Igitur,

128 2794 303 2854 quamquam
324 2779 354 2837 in
370 2779 464 2857 priori
483 2780 597 2839 actione
614 2778 764 2839 examinis
786 2778 993 2857 quinquaginta
1015 2778 1139 2840 vadosae

128 2857 264 2929 dederat,
286 2876 378 2936 regno
394 2863 486 2938 magis
510 2879 597 2940 mnam
612 2860 733 2920 vadibus
744 2862 984 2931 consulensclam
999 2863 1029 2920 in
1044 2860 1105 2920 Nu·

127 2941 245 3001 midiam
259 2942 454 3005 Romdcarem
476 2944 606 3013 dimittit,
629 2945 738 3004 veritus
761 2961 799 3005 ne
813 2945 940 3006 relicuos
956 2941 1105 3021 popularis

126 3030 222 3085 metus
236 3025 385 3087 invaderet
398 3028 521 3107 parendi
539 3027 602 3096 sibi,
616 3028 640 3086 si
655 3027 691 3087 de
702 3025 751 3087 illo
768 3027 942 3106 subplicium
955 3032 1105 3104 sumptum

87 3117 118 3168 10
128 3107 213 3170 soret
236 3108 273 3169 Et
293 3111 356 3187 ipse
376 3112 478 3188 paucis
497 3110 599 3171 diebus
616 3110 719 3170 eodem
732 3111 882 3188 profectus
898 3117 955 3181 est,
978 3110 1106 3170 iussusa

127 3199 230 3253 senatu
249 3191 329 3254 Italia
346 3193 499 3255 decedere
536 3194 586 3255 Set
605 3200 761 3272 postquam
778 3194 871 3254 Roma
893 3209 1030 3270 egressus
1052 3200 1104 3264 est,
1116 3214 1141 3255 ιι

128 3273 223 3335 fertur
243 3292 330 3356 saepe
351 3294 386 3339 eo
401 3278 506 3338 tacitus
526 3278 684 3354 respiciens
698 3282 848 3354 postremo
863 3277 983 3336 dixisse.
1003 3275 1105 3337 ‘Our-

127 3355 197 3416 bcm
217 3358 350 3420 venalem
368 3366 397 3422 et
410 3366 524 3421 mature
538 3362 709 3438 perituram,
728 3360 753 3419 si
767 3363 930 3436 emptorem
943 3342 1105 3418 invenerat!

76 3447 117 3509 36
210 3439 332 3502 biterim
346 3443 468 3504 Albinus
485 3450 625 3505 renovato
640 3443 719 3504 hello
733 3447 917 3504 conmeatum
929 3440 1106 3518 stipendium
