2422 3854
153 189 195 254 84
328 209 371 250 nn
389 207 492 250 nunno
513 206 716 253 rvavnrrrmo
739 209 768 253 c.
792 201 837 257 77.
852 202 898 257 78.
918 201 963 257 79.

155 365 248 420 semet
268 358 329 434 igni
351 365 557 433 conrumpunt,
584 365 613 417 et
632 374 705 436 quas
726 359 794 418 uoti
812 357 849 418 ab
871 358 1005 420 hostibus
1027 377 1139 439 poenas

155 447 330 509 metuerant,
354 456 404 500 eas
424 439 480 516 ipsi
501 437 631 500 volentes
652 441 829 520 pependere.
981 478 984 485 ‹

106 522 146 582 77
242 524 293 584 Set
314 523 424 601 pariter
447 538 514 582 cum
536 530 620 601 capta
641 522 732 584 Thala
759 522 848 601 legati
870 543 906 585 ex
925 526 1034 606 oppido
1054 525 1141 607 Lepti

157 610 195 672 ad
212 604 362 668 Metellum
373 613 522 675 venerant,
545 614 672 676 orantes,
688 608 731 667 uti
747 608 926 685 praesidium
942 609 1140 687 praelectum·

157 710 215 769 quo
231 709 265 751 eo
279 690 420 750 mitteret:
436 687 631 751 Hamilcarem
655 691 815 769 quendam,
833 690 982 752 hominem
1008 692 1160 758 nobilems

157 774 326 842 factiosum,
349 773 431 832 noris
452 771 543 833 rebus
557 773 685 842 studere,
708 775 866 836 advorsum
881 793 970 854 quem
983 775 1140 855 nequeim·

157 860 239 935 peria
260 858 483 933 magistratuum
503 873 600 934 neque
614 857 695 934 leges
709 858 854 920 admont:
875 859 907 919 ni
927 858 958 918 id
979 858 1138 930 festinaret,

132 943 189 1006 ain
203 958 319 1002 summo
333 937 465 1019 periculo
478 956 561 1000 suam
575 939 713 1010 salutem,
728 941 846 1003 illorum
862 943 958 1002 socios
968 942 1041 1003 lore.
1064 943 1140 1004 Nam

159 1025 304 1103 Leptitani
318 1026 376 1085 iam
390 1023 459 1083 inde
475 1041 492 1084 a
506 1024 650 1104 principio
666 1023 736 1086 belli
750 1023 943 1106 [Iugurthini]
959 1025 996 1086 ad
1011 1025 1140 1088 Bestiam

160 1107 311 1169 consulem
327 1116 355 1167 et
368 1113 470 1185 postea
489 1105 614 1168 Romam
633 1109 773 1170 miserant
788 1110 943 1170 amicitiam
956 1110 1139 1171 societatem·
1148 1134 1174 1177 aa

133 1207 218 1270 aque
232 1198 377 1267 rogatum.
406 1189 532 1259 Deinde,
555 1191 607 1252 ubi
623 1209 657 1253 ea
671 1193 830 1269 inpetrata,
852 1210 969 1271 semper
983 1192 1053 1252 boni
1065 1193 1139 1254 tide-

158 1274 261 1352 lesqne
280 1290 416 1335 mansere
434 1280 463 1334 et
483 1281 587 1336 cuncta
609 1291 626 1334 a
647 1274 757 1345 Bestia,
781 1273 885 1354 Albino
906 1274 1140 1354 ldetelloqnoint·

159 1365 261 1437 perata
288 1376 362 1420 nave
384 1357 524 1419 fecerant
570 1358 671 1438 ltaque
689 1359 726 1420 ab
747 1360 926 1439 imperatore
951 1358 1036 1420 177117
1063 1377 1139 1439 quae

159 1441 424 1519 petebant‘adepti.
467 1440 598 1504 Emissae
619 1460 654 1503 eo
677 1442 814 1505 cohortes
835 1444 977 1521 Ligurum
1000 1449 1138 1520 quattuor

160 1532 190 1587 ot
204 1527 238 1586 G.
256 1527 367 1588 Annius
379 1526 553 1603 praefectus.
654 1556 656 1561 ⁸
815 1556 816 1560 ¹
1148 1550 1173 1592 ra

109 1618 150 1682 '18
244 1610 277 1670 ld
293 1610 432 1688 oppidum
446 1608 483 1670 ah
501 1609 627 1672 Sidoniis
641 1611 791 1673 conditum
806 1619 869 1679 est,·
886 1626 959 1688 quos
972 1611 1141 1687 accepimus

159 1692 302 1770 profugos
323 1693 361 1754 ob
382 1692 541 1755 discordias
562 1693 652 1756 civilis
666 1695 790 1757 navibus
803 1696 834 1754 in
852 1709 902 1754 eos
916 1690 998 1753 locos
1013 1692 1139 1763 uenisse,

161 1784 293 1838 ceterum
307 1778 394 1838 situm
411 1778 487 1838 inter
508 1778 580 1839 duas
596 1779 697 1858 Syrtis,
719 1779 825 1859 quibus
846 1793 955 1837 nomen
978 1793 1015 1835 ex
1039 1792 1073 1835 re
1095 1777 1140 1836 iu·

135 1860 262 1934 2ditum.
286 1860 361 1922 Nam
373 1859 431 1922 duo
448 1868 518 1922 sunt
536 1863 617 1923 sinus
632 1880 725 1941 prope
742 1864 773 1922 in
789 1867 919 1922 extrema
933 1858 1040 1928 Africa,
1056 1859 1140 1936 inpa-

161 1961 210 2005 res
220 1945 427 2022 magnitudine,
438 1945 504 2021 pari
514 1953 634 2006 natura:
652 1963 778 2025 quorum
788 1960 933 2022 proxuma
943 1950 1042 2003 terrae
1053 1959 1174 2020 prae-ao

162 2026 219 2088 alta
241 2036 318 2098 sunt,
342 2036 448 2097 cetera,
471 2030 513 2088 uti
527 2028 589 2089 lors
603 2029 680 2099 tulit,
696 2028 753 2090 alta
769 2027 834 2096 aha,
851 2025 906 2088 7117
922 2026 952 2086 in
967 2032 1141 2104 tempestate

135 2111 278 2180 avadosa.
296 2111 370 2172 Nam
380 2111 431 2171 ubi
440 2128 522 2172 mare
534 2129 673 2189 magnum
688 2130 752 2174 esse
762 2123 792 2172 et
806 2112 918 2172 saevire
933 2110 1025 2171 ventis
1034 2110 1139 2187 coepit,

161 2193 264 2254 limum
284 2195 484 2274 harenamque
511 2203 540 2255 et
564 2213 633 2258 saxa
659 2197 787 2274 iugentia
813 2195 920 2256 fluctus
939 2192 1076 2253 trahunt:
1101 2194 1140 2253 ita

162 2277 250 2338 facies
264 2277 398 2341 locorum
412 2296 480 2340 oum
493 2274 586 2340 ventis
599 2279 686 2341 simul
700 2286 839 2341 mutatur.
875 2276 975 2357 Syrtes
992 2275 1029 2337 ab
1045 2283 1141 2337 tractu

135 2364 335 2432 anominatae.
375 2364 445 2425 llius
477 2363 597 2424 civitatis
616 2363 716 2443 lingua
739 2362 826 2424 modo
848 2377 990 2422 convorsa
1012 2358 1174 2426 conubioes

161 2444 366 2517 Numidarum,
386 2447 486 2524 legum
507 2445 661 2526 cultusque
678 2447 818 2527 pleraque
834 2444 986 2512 Sidonica,
1010 2461 1086 2523 quae
1105 2461 1141 2504 eo

160 2528 471 2598 1771117777117711771,
497 2530 575 2610 qued
597 2530 702 2609 procul
723 2530 760 2590 ab
769 2529 895 2608 imperio
916 2528 995 2604 regis
1016 2533 1141 2588 aetatem

160 2615 296 2755 i'rgebant.
323 2615 403 2676 lnter
419 2611 484 2673 illos
498 2620 527 2674 71
540 2614 724 2693 frequentem
737 2610 904 2674 Numidiam
918 2609 1001 2671 multi
1010 2612 1142 2690 vastique

173 2700 218 2759 oei
240 2705 332 2768 erant,

110 2793 150 2855 79
245 2781 296 2841 Set
311 2781 448 2859 quoniam
461 2783 492 2842 in
507 2799 556 2844 eas
569 2781 705 2858 regiones
719 2797 773 2860 per
789 2779 1009 2858 Leptitanorum
1024 2780 1141 2856 negotia
1150 2798 1175 2840 aa

161 2864 308 2933 venimus,
328 2881 389 2925 non
410 2864 562 2942 indignum
583 2864 697 2924 ridetur
718 2865 872 2942 egregium
892 2870 978 2943 atque
995 2879 1142 2923 memora·

160 2945 219 3007 bile
237 2947 348 3008 lacinus
364 2947 490 3009 duorum
503 2947 785 3025 Carthaginiensium
800 2965 980 3011 memorare:
997 2961 1061 3005 777
1075 2960 1142 3005 rem

135 3028 245 3112 2[nos]
259 3029 342 3092 loeus
356 3030 513 3093 admonuit.
543 3032 606 3104 Qua
623 3037 795 3111 tempestate
810 3029 1064 3109 Carthaginienses
1078 3026 1141 3106 ple·

161 3132 253 3194 raque
268 3114 366 3176 Africa
373 3114 587 3194 imperitabant,
603 3115 786 3178 Curenenses
800 3132 918 3196 quoqne
935 3112 1035 3189 magni
1053 3120 1142 3191 atque

135 3198 292 3278 populanti
318 3199 411 3260 luere.
458 3199 537 3279 Ager
563 3200 596 3261 in
616 3200 714 3262 medio
736 3200 918 3266 harenosus,
944 3212 1004 3256 una
1026 3197 1176 3273 speciem

161 3299 258 3362 neque
279 3283 388 3344 flumen
409 3300 507 3363 neque
525 3301 611 3345 mons
632 3292 709 3354 erat,
737 3286 787 3364 qui
806 3283 872 3344 flnis
899 3296 1003 3342 eorum
1031 3280 1141 3340 discer-

161 3371 254 3428 neret.
272 3369 352 3442 Quae
363 3384 412 3429 res
434 3384 484 3429 eos
495 3369 525 3428 in
536 3384 643 3446 magno
654 3368 850 3446 diuturnoque
860 3362 938 3426 bello
951 3364 1027 3424 inter
1041 3379 1073 3423 se
1087 3362 1140 3423 ha·

135 3446 233 3512 abuit.
255 3448 412 3531 Postquam
425 3453 574 3530 utrimque
585 3451 730 3529 legiones,
746 3452 816 3512 item
833 3448 940 3510 classes
956 3464 1043 3527 saepe
1058 3446 1141 3508 17777

162 3530 347 3613 fugataeque,
371 3542 400 3597 et
418 3535 501 3598 alteri
520 3535 626 3598 alteros
646 3535 825 3615 aliquantum
847 3533 1033 3602 adtriverant,
1057 3531 1140 3593 veriti
