2422 3854
125 202 165 263 30
313 222 356 264 nn
378 222 550 268 naumann
571 221 850 268 oouwssmouno
876 216 920 270 52.
966 287 974 298 .

125 370 162 431 de
183 370 284 431 inieris
300 376 516 440 memorantur,
539 369 655 432 divorso
671 373 775 433 itinere
793 370 886 433 mulos
904 390 920 434 a
941 370 1028 435 bonis
1042 374 1106 438 loca

83 472 116 525 14
124 461 217 516 taetra
228 452 346 523 inculta,
361 452 447 514 ioeda
463 461 550 532 atque
565 453 756 516 formidulosa
769 454 890 517 babere.
919 455 1022 536 Itaque
1037 476 1107 520 cen·

124 540 182 600 suit
200 538 340 616 pecunias
366 554 470 599 eornm
491 537 692 617 publicandas,
715 539 794 617 ipsos
819 556 874 616 per
891 541 1050 619 municipia
1076 545 1107 603 in

125 621 261 693 outodiis
275 620 437 691 habendos,
454 621 587 683 videlicet
601 623 717 692 timeus,
731 639 780 692 ne,
800 623 825 683 si
839 621 951 684 Romae
964 624 1036 695 sint,
1057 633 1108 688 aut

124 723 141 766 a
157 703 348 785 popularibus
364 705 573 767 coniurationis
588 712 639 767 aut
655 724 672 766 a
689 705 873 768 multitudino
893 707 1038 770 conducta
1051 727 1130 788 pers

83 788 181 862 lavim
193 789 362 867 eripiantur.
376 788 479 860 ‘Quasi
494 806 563 850 vero
577 788 645 850 mali
662 795 748 868 atque
765 787 880 850 scelesti
890 795 1005 852 tantum
1017 793 1106 854 modo

124 875 154 934 in
169 872 244 934 urbe
259 878 288 932 et
301 889 361 932 noo
375 889 430 949 per
439 879 532 934 totam
545 871 658 933 Italiam
672 873 738 942 sint,
751 880 873 934 autnon
887 872 927 934 ibi
938 872 1108 954 pluspossit

83 955 261 1032 qqaudacia,
284 953 336 1016 ubi
356 955 393 1016 ad
416 955 637 1017 defendundum
651 973 723 1035 opes
737 957 867 1017 minores
888 963 965 1017 sunt.
988 958 1052 1030 Qua
1072 976 1107 1020 re
1131 1029 1135 1035 ἡ

125 1056 232 1102 vanum
248 1038 383 1117 equidem
397 1038 455 1100 hoc
469 1037 622 1100 eonsilium
632 1048 685 1108 est,
702 1040 727 1100 si
740 1039 905 1118 pericuum
921 1059 957 1102 ex
971 1039 1027 1102 illis
1043 1061 1105 1104 me·

124 1126 194 1187 tuit:
216 1124 262 1181 sin
277 1123 307 1182 in
321 1127 401 1183 tanto
418 1124 549 1183 omnium
563 1128 644 1182 metu
665 1122 745 1184 solus
766 1140 827 1184 non
842 1125 939 1195 timet,
961 1141 997 1185 eo
1012 1128 1106 1203 magis
1115 1149 1141 1192 aa

83 1225 115 1275 17
124 1207 216 1270 refert
234 1223 283 1266 me
295 1204 367 1266 mibi
383 1212 470 1284 atque
483 1204 565 1266 vobis
580 1206 693 1267 timere.
723 1207 786 1278 Qua
802 1225 836 1269 re
854 1226 921 1270 cum
935 1207 971 1267 de
982 1206 1014 1268 P.
1028 1208 1107 1270 Len·

124 1290 187 1354 tulo
201 1289 364 1367 ceterisque
384 1291 532 1359 statuetis,
553 1306 608 1368 pro
630 1297 712 1351 certo
728 1290 880 1362 habetote,
903 1308 954 1352 vos
968 1292 1054 1353 simul
1070 1292 1107 1354 do

82 1394 116 1447 18
124 1375 255 1438 exercitu
261 1371 399 1434 Catilinae
405 1379 435 1433 et
445 1372 482 1434 de
491 1371 627 1435 omnibus
638 1375 796 1436 coniuratis
807 1376 977 1437 decernere.
991 1377 1106 1447 Quanto

124 1476 175 1520 vos
197 1458 342 1519 adtentius
355 1474 389 1518 ea
404 1457 513 1534 agetis,
532 1462 613 1517 tanto
628 1456 684 1518 illis
699 1460 812 1520 animus
825 1459 968 1520 infirmior
990 1461 1060 1520 erit:
1081 1460 1107 1519 si

124 1541 275 1623 paululum
296 1539 384 1601 modo
405 1558 457 1601 vos
475 1539 616 1618 languere
636 1540 768 1611 viderint,
790 1543 848 1602 iam
869 1557 971 1602 omnes
992 1544 1141 1606 serocesrs

126 1627 259 1687 aderunt

85 1723 118 1776 19
211 1706 306 1769 Nolite
321 1707 496 1768 existumare
511 1709 636 1769 maiores
650 1708 866 1768 nostrosarmis
880 1704 1107 1784 rempublicam

82 1809 162 1862 apex
173 1789 532 1870 parvamagnamfecisse.
549 1790 580 1850 Si
590 1792 630 1851 ita
640 1787 1106 1869 resecastmultopulcerrumam

124 1892 189 1938 eam
202 1891 257 1934 nos
272 1872 464 1934 haberemus:
484 1873 592 1951 qnippe
609 1873 758 1934 sociorum
774 1879 861 1951 atque
877 1874 996 1942 civium,
1018 1891 1105 1951 prae·

124 1969 205 2022 terea
232 1974 384 2019 armorum
404 1963 490 2035 atque
520 1972 664 2035 equorum
690 1956 784 2016 maior
804 1957 886 2032 copia
908 1954 994 2017 nobis
1016 1974 1141 2035 mamea

84 2055 115 2106 21
125 2043 181 2104 illis
202 2048 255 2102 est.
301 2040 352 2102 Set
373 2039 544 2107 adornare,
568 2055 642 2117 quac
663 2037 727 2098 illos
748 2054 871 2114 magnos
892 2038 1006 2111 iecere,
1030 2059 1105 2116 quae

126 2125 212 2187 nobis
232 2123 312 2184 nulla
333 2130 414 2184 sunt:
438 2122 515 2183 domi
537 2121 679 2182 industria
716 2122 787 2182 soris
809 2122 918 2183 iustum
948 2125 1106 2202 imperium

127 2210 240 2270 animus
258 2208 287 2267 in
310 2205 489 2268 consulundo
509 2203 598 2274 liber,
624 2221 720 2283 neque
738 2203 843 2266 delicto
864 2222 962 2286 nequo
982 2205 1107 2268 lubidini

83 2303 116 2351 22
128 2292 280 2356 obnoxius.
304 2290 362 2350 Pro
378 2291 424 2352 bis
444 2306 499 2351 nos
518 2287 663 2349 habemus
678 2287 824 2350 luxuriam
843 2296 930 2369 atque
945 2289 1104 2357 avaritiam,
1134 2324 1147 2346 .

126 2375 243 2455 publice
265 2382 423 2453 egestatem
445 2373 578 2452 privatim
599 2371 792 2451 opulentiam:
814 2372 967 2435 laudamus
982 2373 1140 2442 divitiosae

127 2460 277 2539 sequimur
293 2460 442 2520 inertiam:
458 2458 536 2518 inter
551 2455 646 2517 bonos
661 2463 689 2517 et
702 2457 794 2518 malos
809 2457 965 2518 discrimen
981 2455 1104 2524 nullum,

83 2545 224 2606 adomnia
238 2544 351 2604 virtutis
364 2542 493 2619 praemia
505 2539 624 2600 ambitio
638 2540 776 2618 possidet.
801 2539 902 2616 Neque
914 2539 1037 2598 mirmm
1054 2539 1107 2598 ubi

126 2647 178 2689 vos
195 2626 351 2706 separatim
371 2621 426 2683 sibi
445 2623 568 2702 quisquc
586 2621 739 2682 consilium
754 2623 868 2699 capitis,
891 2620 942 2681 ubi
961 2622 1040 2683 doini
1055 2640 1106 2682 vo·

125 2710 293 2788 luptatibus,
309 2708 357 2770 hio
367 2707 509 2785 pecuniae
524 2710 574 2764 aut
584 2705 694 2780 gratiae
709 2705 831 2773 servitis,
843 2722 877 2765 eo
889 2704 934 2773 dt,
945 2713 978 2766 ut
989 2708 1106 2784 inpetus

125 2794 176 2853 flat
196 2794 226 2852 in
247 2809 369 2853 vacuam
382 2807 446 2850 rem
467 2787 623 2867 publicam.
1115 2814 1142 2857 ω

84 2890 119 2938 24
211 2875 261 2935 Set
276 2889 331 2949 ego
344 2874 418 2934 baec
429 2874 539 2933 omitto.
566 2870 760 2934 Coniuravere
771 2871 952 2935 nobilissumi
963 2874 1039 2934 cives
1053 2890 1105 2950 pa·

129 2959 214 3018 triam
236 2957 409 3027 incendere,
436 2955 587 3019 Gallorum
611 2962 728 3032 gentem
748 2957 974 3028 infestissumam
994 2957 1106 3017 nomini

126 3040 259 3102 Romano
282 3039 318 3099 ad
338 3038 449 3104 bellum
470 3046 640 3107 accersunt,
664 3037 723 3101 dux
741 3040 867 3103 hostium
887 3060 954 3104 cum
974 3042 1105 3101 exercitu

84 3131 118 3181 25
127 3143 216 3204 supra
230 3131 318 3203 caput
328 3131 385 3186 est:
401 3142 454 3186 vos
468 3124 644 3186 cunctandni
656 3125 841 3195 etiamnunc,
856 3126 925 3205 quid
937 3127 1013 3185 intra
1023 3141 1104 3184 moe·

86 3211 176 3271 aonia
195 3207 387 3290 deprebensis
405 3207 538 3270 hostibus
559 3208 686 3269 faciatis?
726 3209 919 3270 Misereamini
939 3224 1045 3268 censeo
1067 3239 1102 3250 -
1114 3225 1141 3268 cs

128 3292 278 3374 deliquere
299 3293 433 3356 homines
450 3290 659 3353 adulescentuli
679 3310 733 3370 per
750 3291 936 3352 ambitionem
958 3322 993 3334 -
1018 3295 1105 3367 atque

86 3390 118 3439 27
130 3378 217 3438 ctiam
232 3385 359 3439 armatos
373 3375 529 3439 dimittatis.
551 3375 595 3438 lle
605 3374 750 3436 istavobis
764 3372 957 3436 mansuetudo
976 3377 1006 3433 et
1018 3373 1104 3433 mise·

25 3540 27 3544 Α
71 3461 257 3529 sericorum,
276 3463 306 3520 si
315 3461 360 3522 illi
372 3478 455 3523 arma
475 3458 614 3539 ceperint,
632 3464 662 3524 in
677 3463 823 3523 nriseriam
840 3463 1001 3518 convortat.
1043 3456 1105 3519 Sci·
