2422 3854
261 234 305 276 nn
326 233 431 276 sunno
453 182 656 278 ruovururuo
680 234 708 277 c.
731 225 775 282 95·
795 227 839 283 96.
862 227 906 282 97.
1035 220 1073 282 97

94 400 202 462 magno
217 384 345 463 equitatu
361 384 390 465 in
407 388 502 443 castra
516 383 601 453 venit,
618 400 691 462 quos
707 385 749 444 uti
764 402 798 445 ex
815 386 898 446 Latio
914 391 973 448 eta
989 387 1075 449 sociis

95 473 214 546 cogeret
237 465 348 528 Romae
370 466 488 546 relictus
498 473 580 532 erat.
626 467 676 528 Set
700 469 836 546 quoniam
852 487 908 529 nos
929 472 1001 532 tanti
1022 471 1101 537 viria

94 566 144 611 res
164 551 328 621 admonuit,
353 551 490 612 idoneum
510 551 603 612 visum
621 557 664 612 est
679 551 834 613 denatura
853 552 992 633 cultuque
1013 557 1075 617 cius
1135 547 1138 552 ’

94 635 196 710 paucis
211 634 324 696 dicere:
343 653 439 715 neque
455 636 532 696 euim
547 633 604 695 alio
619 633 684 696 loco
701 635 738 696 de
754 632 851 696 Sullae
865 637 955 699 rebus
971 638 1076 701 dicturi

71 735 196 778 asumus
237 725 266 781 ct
284 718 316 780 L.
343 719 480 788 Sisenna,
503 724 622 796 optume
645 725 673 780 et
695 718 923 797 diligentissume
945 726 1074 785 omnium

94 803 143 880 qui
154 818 203 863 eas
214 803 371 865 resdixere
390 808 582 881 persecutus,
602 820 709 881 parum
728 803 800 863 mihi
813 802 907 866 libero
926 822 977 868 ore
994 806 1075 869 locu·

93 891 140 945 tus
157 886 281 948 ridetur.

173 972 267 1050 lgltur
289 970 369 1033 Sulla
392 973 489 1051 gentis
512 973 655 1050 patriciae
677 968 787 1032 nobilis
815 969 872 1032 luit
892 969 1003 1031 familia
1025 973 1113 1036 lama

88 1071 184 1135 prope
207 1056 334 1118 extincta
362 1057 507 1119 maiorum
535 1056 666 1135 ignavia,
695 1055 802 1117 litteris
827 1053 949 1117 Graecia
977 1062 1006 1116 ct
1027 1055 1082 1116 La-

20 1165 27 1174 ·
57 1140 160 1201 uotiuis
181 1139 261 1201 iuxta
277 1147 364 1219 atque
379 1139 551 1202 doctissumi
567 1139 715 1211 eruditus,
737 1139 836 1202 animo
850 1138 978 1218 ingenti:
1000 1139 1081 1219 cupi-

96 1221 151 1282 dus
169 1221 367 1299 voluptatum,
397 1227 441 1282 set
462 1221 571 1295 gloriae
594 1220 735 1298 cupidior,
754 1222 812 1281 otio
831 1220 981 1282 luxurioso
1003 1239 1076 1292 csse,

95 1311 194 1366 tamen
212 1303 249 1364 ab
270 1303 392 1381 negotiis
414 1320 575 1381 numquam
589 1303 721 1380 voluptas
736 1310 898 1374 remorata,
921 1306 976 1365 nisi
999 1306 1077 1385 quod

96 1386 132 1448 de
160 1403 252 1448 uxore
278 1388 372 1466 potuit
399 1385 549 1448 honestius
577 1385 708 1447 consuli:
732 1384 875 1447 facundus
901 1386 1022 1449 callidus
1049 1397 1078 1450 et

96 1471 221 1531 amicitia
236 1469 342 1541 facilis,
366 1471 402 1531 ad
418 1469 579 1533 simulanda
596 1486 634 1530 oc
649 1470 866 1531 dissimulando
881 1471 996 1547 negotia
1014 1470 1077 1533 alti·

61 1553 167 1616 astudo
179 1556 277 1634 ingeni
291 1554 482 1618 incredibilis:
500 1553 657 1616 multarum
672 1570 773 1615 rerum
788 1571 822 1615 ac
836 1572 973 1617 maxume
987 1572 1077 1632 pecu-

96 1638 161 1698 niae
178 1639 309 1718 largitor.
344 1641 439 1719 Atque
453 1637 508 1709 illi,
527 1637 704 1700 felicissumo
720 1639 851 1723 omnium
873 1646 939 1699 ante
964 1638 1102 1704 civilama

95 1721 259 1793 victoriam,
279 1740 439 1802 numquam
460 1738 549 1799 super
569 1722 740 1784 industriam
755 1721 873 1802 fortuna
891 1721 957 1792 tuit,
979 1722 1075 1784 multi·

96 1822 153 1883 que
175 1805 343 1867 dubitavere
365 1806 468 1865 fortior
486 1823 523 1864 an
544 1804 656 1866 felicior
673 1811 764 1866 esset:
786 1823 853 1866 nam
877 1812 979 1884 postea
1001 1824 1075 1883 quae
1164 1856 1168 1862 .

83 1889 208 1962 lecerit,
229 1890 372 1951 incertum
393 1887 498 1958 haheo,
521 1888 630 1965 pudeat
651 1906 687 1948 an
703 1889 801 1966 pigeat
814 1892 907 1968 magis
920 1889 1073 1953 disserere.

59 1990 86 2032 ao
178 1974 271 2051 Igitur
290 1972 385 2044 Sulla,
408 1974 450 2034 uti
471 1989 560 2050 supra
579 1971 763 2043 dictumest,
782 1979 937 2053 postquam
953 1976 984 2035 in
999 1974 1073 2034 diri·
1086 1985 1125 2048 96

95 2074 158 2118 cam
172 2063 259 2136 atquc
274 2059 305 2119 in
327 2064 421 2120 castra
442 2057 515 2119 llari
538 2072 605 2117 cum
628 2056 756 2135 equitatu
772 2058 863 2128 venit,
885 2057 968 2119 rudis
989 2064 1075 2120 antea

94 2147 123 2200 et
140 2142 260 2217 ignarus
273 2141 351 2212 belli,
368 2141 595 2203 sollertissumus
615 2141 744 2202 omnium
759 2141 790 2201 in
803 2142 905 2220 paucis
919 2149 1075 2221 tempesta·

70 2236 72 2241 ’
93 2223 172 2284 tibus
189 2224 283 2284 iactus
298 2232 350 2286 est.
389 2224 432 2286 dd
452 2225 509 2286 hoc
523 2222 628 2284 milites
649 2223 775 2302 bemgne
792 2225 955 2304 adpellare:
977 2226 1099 2294 multis2

93 2305 281 2384 rogantibus,
294 2306 357 2369 aliis
368 2326 423 2387 per
437 2325 469 2367 se
488 2309 551 2384 ipse
566 2307 636 2367 dare
650 2306 799 2376 henidcia,
814 2310 919 2368 invitus
931 2311 1073 2388 accipere,

58 2397 138 2452 asset
166 2408 199 2452 ca
222 2394 428 2470 properantius
452 2404 538 2468 qnam
562 2407 611 2451 aes
632 2395 766 2449 mutuum
788 2390 930 2460 reddere,
953 2394 1016 2470 ipse
1037 2392 1074 2453 ah

93 2472 174 2535 nullo
199 2480 353 2554 repetere,
384 2476 476 2552 magis
498 2474 527 2534 id
545 2471 696 2540 laborare,
725 2477 757 2532 ut
778 2471 817 2532 illi
840 2491 927 2552 quam
946 2473 1075 2554 plurumi

90 2559 249 2621 deberent:
270 2561 334 2623 ioca
358 2567 446 2641 atque
461 2563 541 2622 seria
557 2576 625 2622 cum
640 2557 823 2622 humillumis
838 2577 941 2639 agere:
965 2563 996 2621 in
1012 2571 1111 2639 ope-3

88 2643 189 2720 ribus,
213 2646 244 2706 in
267 2646 383 2724 agmine
406 2653 494 2723 atque
517 2645 554 2706 ad
575 2643 688 2723 vigilias
709 2642 819 2706 multus
842 2645 960 2715 adesse,
983 2659 1081 2721 neque

87 2728 217 2797 interim,
241 2729 321 2806 qnod
338 2747 428 2808 prava
451 2729 570 2791 ambitio
586 2727 668 2800 solet,
693 2727 822 2790 consulis
843 2735 894 2790 aut
909 2727 1081 2805 cuiusquam

55 2811 160 2873 ”honi
182 2812 291 2872 lamam
313 2813 444 2874 laedere:
475 2821 590 2874 tantum
612 2811 699 2875 modo
721 2831 818 2892 neque
839 2811 962 2874 consilio
983 2828 1081 2889 neque

88 2913 177 2958 manu
200 2897 332 2976 priorem
355 2895 443 2958 alium
466 2900 541 2978 pati,
564 2897 723 2978 plerosque
745 2899 926 2960 antevenire.
970 2895 1109 2968 Quibusa

87 2978 178 3041 robus
194 2988 223 3043 et
233 2980 347 3042 artibus
363 2979 444 3041 brevi
456 2981 548 3042 llario
563 2981 766 3060 militibusque
778 2984 958 3045 carissumus
973 2981 1078 3043 lactus.

176 3064 213 3122 dt
227 3062 378 3143 Iugurtha,
393 3075 549 3144 postquam
561 3064 698 3143 oppidum
712 3063 833 3142 Capsam
849 3066 978 3146 aliosque
993 3068 1073 3129 locos
1083 3067 1120 3129 97

94 3145 220 3206 munitos
235 3155 264 3209 et
285 3148 340 3211 sihi
360 3149 438 3210 utilis
453 3148 538 3212 shnul
555 3156 584 3210 et
604 3165 740 3226 magnam
756 3151 911 3226 pecuniam
927 3151 1071 3223 amiserat,

58 3241 82 3282 ss
92 3227 128 3288 ad
143 3228 294 3293 Bocchum
308 3234 427 3295 nuntios
443 3235 536 3307 misit,
552 3251 640 3312 (luam
657 3233 785 3312 primum
801 3234 830 3292 in
841 3232 1005 3295 Numidiam
1023 3253 1072 3296 co·

92 3312 155 3388 pias
170 3314 341 3379 adduceret:
363 3319 456 3398 proeli
472 3318 598 3380 faciundi
618 3323 735 3394 tempus
750 3316 861 3377 adesse.
906 3319 1000 3390 Quem
1020 3318 1097 3380 ubis

93 3401 223 3460 cunctari
245 3403 357 3482 accepit
377 3410 406 3465 et
428 3403 549 3466 dubium
564 3400 632 3462 belli
655 3408 743 3482 atque
764 3401 845 3480 pacis
866 3402 993 3463 rationes
1010 3407 1071 3464 tra·

91 3473 179 3552 here,
202 3499 322 3556 rursus,
344 3488 385 3548 uti
405 3495 505 3560 antea,
526 3502 688 3569 proxumos
719 3485 783 3548 eius
819 3485 902 3548 donis
924 3487 1069 3565 conrupit,

159 3572 295 3634 Succusa.
899 3591 917 3644 7
