2422 3854
156 187 197 253 38
330 208 373 250 on
392 206 496 251 amo
519 203 720 251 moveamuo
745 203 773 248 o.
791 197 818 248 2.
844 197 869 250 3.
891 199 917 250 4.

155 355 307 438 praeclara
327 356 432 424 iacies,
454 369 578 431 magnae
599 353 728 423 divitiae,
752 351 867 414 adhoc
893 353 936 412 ris
957 351 1092 431 corporis
1114 359 1146 416 et

156 441 211 503 alia
224 441 321 501 omnia
334 439 458 500 huiusce
479 437 559 500 medi
572 436 655 500 brevi
670 435 848 504 dilabuutur,
865 440 895 496 at
910 435 1009 512 ingeni
1022 436 1145 514 egregia

129 526 286 590 enomere
307 524 393 585 sicuti
413 523 509 583 anima
529 519 694 583 inmortalia
713 527 790 582 sunt
832 519 985 581 Postremo
1007 521 1144 599 eorporis

156 617 186 672 et
207 609 341 669 fortunae
355 607 502 668 bonorum
516 612 551 667 ut
563 606 678 666 initium
691 605 733 665 sic
749 604 815 664 finis
832 609 885 672 eet,
905 604 1062 681 omniaque
1077 609 1144 665 orta

157 693 294 754 occidunt
309 699 339 754 et
351 696 436 752 aucta
452 696 622 752 senescunt:
644 690 767 759 aniurue,
784 689 977 765 incorruptus
993 693 1165 757 aeternuse

158 783 256 838 rector
277 776 398 838 humani
419 775 537 852 generis
558 775 617 850 agit
638 779 726 851 atque
740 771 830 832 habet
844 777 949 832 cuncta
965 788 1063 850 neque
1080 771 1146 850 ipse

130 860 292 923 dilabetur.
327 861 391 931 Quo
406 860 499 935 magis
512 858 639 935 pravitas
654 873 758 916 eorum
772 855 942 916 admiranda
958 861 1009 925 est,
1029 854 1079 933 qui
1092 853 1145 916 de·

158 946 210 1007 diti
226 945 360 1023 corporis
376 943 490 1020 gaudiis
503 959 558 1021 per
574 939 677 1001 luxum
690 946 719 1000 et
732 940 876 1016 ignaviam
897 944 1022 1000 aetatem
1042 945 1144 1016 agunt,

159 1035 291 1091 ceterum
311 1028 471 1104 ingenium,
494 1041 552 1102 quo
568 1041 665 1102 neque
685 1021 790 1084 melius
806 1040 903 1101 neque
921 1021 1045 1102 amplius
1067 1021 1147 1084 aliud

157 1115 188 1174 in
208 1118 314 1172 natura
328 1109 496 1171 mortalium
512 1113 570 1178 cst,
593 1105 705 1167 incultu
719 1113 806 1185 atque
826 1107 960 1168 socordia
973 1113 1146 1184 torpescere
1156 1131 1179 1173 ro

158 1199 271 1273 sinunt,
302 1211 369 1255 cum
389 1192 564 1270 praesertim
585 1197 646 1250 tam
671 1188 779 1251 multae
802 1191 958 1270 variaeque
985 1191 1042 1250 siut
1067 1195 1147 1252 artes

160 1279 263 1347 animi,
289 1277 396 1356 quihus
413 1293 527 1336 summa
546 1273 688 1336 claritudo
702 1282 832 1352 paratur.

129 1359 147 1421 3
244 1362 354 1422 Verum
372 1379 408 1422 ex
430 1361 472 1420 eis
492 1359 678 1435 magistratus
693 1364 721 1419 et
740 1355 871 1434 imperia,
887 1364 1036 1436 postremo
1052 1357 1147 1418 omnis

151 1457 233 1508 'cura
246 1463 349 1506 rerum
370 1442 556 1522 publicarum
570 1443 702 1510 minume
716 1441 788 1502 mihi
805 1440 861 1502 hae
875 1447 1047 1519 tempestate
1063 1440 1145 1518 cupi·

158 1530 238 1589 unda
249 1527 393 1598 ridentur,
401 1527 540 1606 quoniam
548 1545 646 1606 neque
657 1528 757 1589 virtuti
766 1527 862 1588 honos
870 1525 966 1593 datur,
979 1523 1178 1602 nequeilli,1s

159 1613 267 1690 quibus
277 1630 331 1689 per
342 1610 477 1673 fraudem
487 1611 533 1670 vel
545 1612 573 1670 ri
584 1612 649 1682 fuit,
661 1612 717 1672 tuti
728 1619 779 1672 aut
788 1629 822 1671 eo
833 1611 926 1688 magis
935 1609 1053 1669 honesti
1063 1618 1144 1671 sunt.

126 1695 228 1760 attam
245 1697 272 1756 vi
288 1696 405 1774 quidem
420 1712 526 1773 regere
542 1700 666 1776 patriam
682 1704 733 1758 aut
752 1700 891 1777 parentis,
916 1716 1094 1779 quamquam
1111 1708 1140 1762 et

153 1780 248 1857 possis
259 1786 288 1839 et
303 1779 407 1841 delicta
422 1781 566 1857 comigas,
585 1788 683 1842 tamen
696 1783 888 1859 inportunum
903 1789 955 1853 est,
973 1801 1041 1844 cum
1051 1801 1134 1862 prae·

153 1864 255 1923 sertim
270 1880 371 1925 omnes
387 1881 489 1926 rerum
504 1866 679 1927 mutationes
695 1865 816 1928 caedem
829 1864 930 1944 lugam
952 1865 1065 1945 aliaque
1084 1867 1138 1928 ho·

127 1944 227 2011 astilia
238 1947 425 2024 portendant:
438 1946 547 2010 frustra
561 1955 658 2010 autem
673 1950 726 2009 niti
739 1967 835 2027 neque
850 1948 928 2011 alud
942 1967 974 2011 se
989 1950 1138 2028 fatigando
1147 1976 1173 2019 ee

124 2032 208 2096 enisi
220 2031 320 2092 odium
331 2049 475 2109 quaerere
487 2038 634 2094 extremae
645 2032 808 2093 dementiae
820 2029 949 2100 est,“Nisi
962 2032 1039 2095 torte
1050 2052 1140 2114 quem

153 2114 308 2176 inhonesta
323 2121 352 2176 et
366 2116 526 2192 pernitiosa
536 2114 636 2176 lubido
649 2121 729 2176 tenet
743 2116 889 2192 potentiae
902 2133 1067 2196 paucorum
1088 2119 1139 2181 de·

154 2215 207 2258 cus
228 2204 315 2276 atque
331 2197 497 2261 libertatem
518 2217 602 2261 suam
624 2198 789 2275 gratificari.

124 2282 143 2340 4
239 2280 376 2345 Ceterum
398 2303 434 2346 ex
450 2282 513 2345 aliis
526 2284 659 2360 negotiis,
683 2300 758 2361 quae
774 2284 891 2363 ingenio
906 2290 1092 2356 exercentur,
1109 2287 1139 2346 iu

128 2381 144 2430 2
152 2366 256 2444 primis
271 2383 378 2444 magno
392 2368 459 2429 usui
473 2373 518 2429 cst
531 2369 673 2429 memoria
685 2385 787 2430 rerum
805 2374 964 2445 gestarum.
999 2367 1087 2429 Cuius
1102 2369 1139 2431 de
1148 2395 1171 2436 aa

154 2451 260 2511 virtute
282 2451 351 2530 quie
373 2451 457 2512 multi
478 2453 594 2521 dixere,
616 2453 865 2530 praetereundum
886 2459 972 2531 puto,
993 2452 1079 2514 simul
1100 2469 1139 2514 ne

153 2550 209 2611 per
230 2532 414 2596 insolentiam
433 2536 499 2612 quis
513 2537 667 2596 existumet
683 2543 792 2597 memet
812 2536 941 2597 studium
958 2553 1057 2598 meum
1075 2533 1138 2597 lau·

130 2617 254 2679 stando
276 2615 424 2678 extollere.
468 2616 564 2693 Atque
585 2635 639 2694 ego
655 2617 743 2678 credo
765 2619 829 2679 iore
849 2620 912 2698 qui,
934 2621 1002 2699 quia
1023 2620 1139 2682 decrevi

153 2699 259 2777 procul
275 2697 464 2779 erepublica
480 2705 604 2761 aetatem
621 2716 718 2776 agere,
738 2706 817 2760 tanto
832 2707 952 2782 nmque
966 2703 1030 2765 utili
1043 2702 1138 2764 labori

154 2800 222 2843 meo
240 2799 349 2845 nomen
362 2783 484 2845 irtertiae
498 2784 653 2861 inponant,
670 2790 749 2846 certe
767 2784 873 2865 quibus
896 2805 1031 2850 maxuma
1051 2787 1173 2854 indu-ee

155 2866 226 2927 stria
242 2866 357 2928 ridetur
375 2865 502 2928 salutare
515 2864 633 2945 plebem
647 2874 676 2928 et
693 2869 829 2930 conviviis
844 2874 967 2949 gratiam
984 2886 1136 2948 quaerere.

126 2946 211 3019 sQui
228 2951 253 3010 si
273 2950 487 3027 reputaverint,
510 2950 659 3029 atquibus
681 2967 735 3028 ego
753 2956 937 3035 temporibus
950 2953 1137 3029 magistratus

154 3033 278 3112 adeptus
292 3050 358 3093 sum
372 3033 473 3112 quales
489 3036 542 3096 viri
556 3035 635 3096 idern
650 3034 770 3116 adsequi
784 3039 975 3118 nequiverint,
990 3043 1020 3097 et
1034 3045 1136 3115 postea

155 3135 230 3197 quae
257 3133 366 3196 genera
386 3115 539 3180 hominum
567 3121 597 3180 in
618 3128 751 3182 senatum
773 3122 972 3201 pervenerint,
1001 3121 1134 3198 proiecto

155 3200 373 3264 existumabunt
382 3219 431 3263 me
444 3204 536 3280 magis
550 3205 655 3264 merito
671 3222 760 3283 quam
770 3206 882 3282 ignavia
896 3204 1035 3265 iudicium
1047 3206 1136 3267 animi
1145 3234 1170 3276 ³⁵

155 3287 213 3348 mei
228 3287 384 3348 mutavisse
402 3288 554 3366 maiusque
569 3289 756 3350 commodum
774 3307 810 3350 ex
831 3290 888 3348 otio
905 3305 972 3348 meo
989 3305 1077 3364 qnam
1099 3309 1136 3351 ex

129 3367 279 3432 saliorum
289 3370 414 3448 negotiis
423 3372 469 3433 rei
479 3371 613 3449 publicae
623 3374 791 3433 venturum:
799 3370 873 3432 Nam
884 3388 971 3449 saepe
978 3386 1033 3448 ego
1040 3371 1136 3435 audiri

150 3449 184 3519 a
193 3452 376 3525 Maxumum,
389 3454 424 3517 P.
437 3455 613 3536 Scipionem,
625 3463 777 3537 praeterea
789 3455 909 3516 civitatis
919 3460 1038 3517 nostrae
1048 3473 1135 3535 prae-
