2422 3854
299 214 342 256 nn
359 212 464 257 nunno
481 211 685 258 mereamus
710 211 736 258 o.
759 204 800 260 65.
823 205 867 260 86.
1033 199 1072 260 91

53 404 56 409 -
91 362 135 424 ria
151 367 181 422 et
194 362 322 439 ignavia,
343 377 498 440 pessumae
513 367 606 432 artes,
628 359 685 422 illis
722 361 772 440 qui
787 360 906 423 coluere
922 379 973 422 eae
1003 362 1075 424 nihil

91 443 243 514 obiiciunt,
265 444 460 523 reipublicae
482 445 619 507 innoxiae
637 443 712 506 eladi
728 453 804 507 suut.

176 527 263 590 Nunc
280 530 417 607 quoniam
431 527 497 600 dlis
520 535 662 608 quanhm
677 529 735 590 mei
752 545 859 599 mores,
880 545 941 591 non
957 528 1118 597 illorumaa

91 609 200 690 flagitia
210 611 380 689 poscebant,
391 612 540 692 respondi,
552 629 646 692 pauca
660 612 697 675 de
707 629 741 673 re
752 611 868 689 puhhca
882 611 996 692 loquar.
1011 613 1075 677 Pri·
1084 635 1118 685 45

69 712 177 757 smum
195 696 325 757 omnium
339 696 377 758 de
398 695 533 757 Numidia
558 695 672 761 bonum
693 696 803 759 habete
826 696 964 767 nmmum.
980 696 1076 768 Quiri·

91 785 147 840 tes.
175 777 250 840 Nam
265 797 340 858 quae
353 778 391 841 ad
406 779 464 840 hoc
473 785 591 857 tempus
601 777 773 855 Iugurtham
784 783 876 839 tutata
886 786 963 850 suut,
976 784 1073 844 omnia

92 863 266 932 removisu‘s
280 863 439 933 avaritiam,
451 862 624 941 inperitiam,
641 859 759 942 [atque]
770 860 948 939 superbiam.
963 861 1118 928 Deinde4o

94 946 239 1007 exercitus
252 943 293 1006 ihi
309 951 363 1016 est,
379 945 514 1006 locorum
524 944 629 1014 sciens,
645 951 690 1005 set
704 942 873 1006 mehercule
890 944 985 1023 magis
1001 954 1075 1009 stre·

93 1046 171 1089 uuus
185 1045 273 1108 quam
294 1027 372 1090 felix.
401 1029 476 1090 Nam
493 1043 599 1106 magua
614 1029 762 1108 perseius
777 1029 895 1089 armitia
911 1035 962 1090 aut
982 1036 1074 1092 teme

59 1112 179 1175 reriute
199 1112 309 1174 ducum
330 1112 436 1174 adtrita
455 1119 509 1175 est
544 1111 773 1184 Quamobrem
791 1128 852 1182 vos,
873 1111 981 1191 quibus
1001 1113 1118 1175 mili-47

89 1197 162 1256 tanis
183 1202 263 1257 aetas
285 1202 339 1266 est,
361 1196 525 1258 adnitimini
543 1213 661 1258 mecum
682 1201 712 1258 et
732 1196 874 1274 capessite
892 1212 958 1258 rem
979 1195 1075 1275 publi·

91 1296 173 1339 cam:
189 1295 287 1357 nemra
301 1296 479 1358 quemquam
493 1298 530 1340 ex
544 1278 708 1341 calamitate
725 1277 908 1341 aliorumaut
918 1279 1075 1359 imperato·

57 1358 60 1369 '
91 1378 165 1422 rum
180 1359 318 1440 superbia
336 1368 432 1423 metus
454 1364 574 1440 ceperit.
619 1361 743 1440 Egomet
770 1362 800 1423 iu
829 1362 945 1440 agurius
972 1366 1075 1425 autin

90 1442 206 1522 proelio
223 1443 375 1505 consultor
388 1445 468 1506 idem
485 1451 514 1506 et
533 1446 630 1507 socius
651 1446 778 1525 periculi
804 1443 955 1506 vobiscum
973 1446 1074 1516 adero,

57 1550 83 1593 ae
92 1545 201 1607 meque
218 1544 329 1606 vosque
346 1528 377 1589 iu
392 1527 527 1591 omuibus
542 1527 633 1591 rebus
646 1529 726 1591 iuxta
741 1544 852 1604 geram
871 1566 874 1570 ι
890 1527 928 1588 Et
942 1527 1117 1607 profectose
1166 1582 1170 1589 .

92 1612 156 1673 deis
178 1610 343 1673 iuvantibus
365 1613 461 1672 omnia
483 1619 599 1673 matura
619 1619 702 1681 sunt,
726 1612 845 1673 victoria
867 1611 976 1690 praeda
1002 1611 1074 1676 laus.

89 1693 173 1766 Quae
191 1695 216 1757 si
242 1694 331 1757 dubia
349 1701 399 1757 aut
419 1695 524 1774 procul
545 1701 656 1766 esseut,
679 1701 776 1757 buren
800 1695 894 1756 omnis
915 1693 1010 1756 bonos
1030 1698 1075 1757 rei

92 1778 227 1856 puhhcae
242 1777 398 1839 subvenire
413 1777 544 1840 decebat
573 1777 687 1840 Etenim
704 1795 792 1839 nemo
808 1778 922 1854 ignaria
935 1780 1075 1840 mmorta-
1085 1784 1118 1835 49

92 1861 129 1922 lis
144 1862 239 1922 factus
258 1867 316 1930 est,
343 1878 441 1939 neque
462 1862 615 1940 qrrisquam
637 1877 745 1940 parens
765 1859 866 1922 liberis
907 1863 950 1923 uti
964 1863 1076 1923 aeterni

58 1944 192 2010 solerent
224 1945 341 2023 optavit,
362 1945 455 2024 magle
468 1945 511 2005 uti
531 1943 602 2005 boui
621 1943 794 2022 honestique
810 1944 897 2005 vitam
915 1945 1074 2023 exigerent

94 2025 183 2088 Plura
194 2027 332 2099 dicerem,
345 2026 486 2099 Quirites,
501 2028 527 2089 si
540 2027 648 2090 tinridis
663 2029 800 2089 virtutem
815 2026 905 2089 verba
918 2027 1075 2089 adderent:
1084 2036 1118 2090 no

94 2127 164 2171 nam
178 2112 305 2173 strenuis
326 2111 444 2174 abunde
466 2113 576 2173 dictum
597 2111 688 2191 puto!

179 2193 308 2254 Huiusce
323 2195 403 2256 modi
414 2197 546 2257 oratioue
559 2194 659 2257 habita
673 2194 791 2266 Marius,
807 2203 965 2276 postquam
979 2194 1076 2276 plebei
1086 2195 1125 2261 86

94 2277 208 2336 animos
219 2276 354 2337 adrectos
367 2278 460 2346 videt,
475 2295 605 2356 propere
616 2285 786 2347 conuentu,
804 2279 958 2356 stipendio,
976 2281 1074 2347 arcam

57 2357 157 2424 ssaliis
176 2357 297 2421 utilibus
322 2361 404 2421 navis
430 2366 550 2421 onerat:
579 2376 646 2421 cum
667 2359 712 2420 his
729 2358 762 2420 h.
787 2359 927 2421 Manlium
947 2360 1076 2437 legatum

93 2442 241 2521 proficisci
257 2441 348 2504 iubet
390 2442 459 2521 lpse
484 2442 596 2503 interea
615 2440 721 2503 milites
740 2441 888 2514 scribere,
910 2460 971 2503 nou
992 2460 1101 2509 morea

93 2527 239 2588 maiorum
259 2542 357 2606 neque
379 2543 415 2588 ex
426 2524 576 2594 classibus,
592 2531 637 2586 set
657 2525 700 2587 uti
722 2525 980 2604 cuiusque'luhido
1002 2534 1074 2594 erat,

94 2611 189 2689 capite
210 2627 315 2672 censos
334 2608 501 2689 plerosque.
545 2607 578 2670 Id
599 2608 708 2670 iactum
727 2608 776 2671 alii
796 2610 894 2687 inopia
916 2607 1099 2679 bonorump,

93 2691 142 2754 alii
163 2710 217 2770 per
231 2691 420 2754 ambitionem
438 2691 566 2755 consulis
586 2691 798 2761 memorabant,
816 2691 894 2770 quod
914 2692 951 2753 ab
974 2710 1009 2753 eo
1024 2710 1074 2772 ge·

57 2792 166 2838 nuere
187 2772 353 2836 celebratus
365 2783 528 2856 auctusque
545 2783 616 2846 erat,
639 2783 669 2836 et
682 2774 793 2836 homini
810 2776 970 2853 polentiam
987 2793 1076 2856 quae·

93 2858 170 2919 renti
192 2858 405 2935 egentissumus
413 2861 540 2936 quisque
552 2861 838 2937 opportunissumus,
846 2860 894 2920 cui
911 2878 1007 2939 neque
1022 2877 1075 2923 sua

94 2959 173 3085 saga,
189 2942 297 3022 quippe
311 2958 388 3020 quae
400 2940 482 3004 nulla
495 2950 572 3012 suut,
593 2948 622 3002 et
642 2943 740 3003 omnia
755 2959 823 3003 curu
838 2944 939 3021 precio
953 2944 1076 3006 honesta

93 3025 236 3086 vientur.
536 3071 549 3089 -.

179 3108 270 3186 lgitur
291 3108 401 3171 Marius
427 3126 495 3170 cum
523 3106 670 3186 aliquanto
697 3108 808 3169 maiore
832 3126 959 3171 numero
988 3126 1102 3187 quamn

60 3192 246 3254 sadecrctum
268 3193 382 3255 eratin
402 3193 531 3255 Africam
551 3189 701 3270 proiectus
718 3191 819 3270 paucis
839 3191 942 3255 diebus
963 3193 1076 3257 Uticam

95 3275 257 3339 advehitur.
300 3277 453 3339 Exercitus
475 3277 502 3338 ei
521 3273 647 3337 traditur
669 3272 730 3334 aP.
745 3273 854 3337 Rutilio
876 3275 985 3357 legato:
1006 3294 1100 3349 naurs

96 3359 228 3422 Metellus
243 3367 433 3439 conspectum
442 3359 516 3422 llari
526 3357 651 3437 hrgerat,
667 3375 705 3420 ue
714 3358 827 3422 videret
837 3377 880 3428 ea,
893 3377 967 3439 quae
979 3361 1074 3427 audita

97 3444 211 3505 animus
224 3443 351 3506 tolerare
365 3446 544 3524 nequiverat.
