2422 3854
273 214 318 259 na
339 216 443 261 annno
466 217 666 263 moraremo
691 219 718 262 o.
741 211 783 267 st.
804 211 848 266 37.
874 213 917 267 38.
1044 202 1081 263 os

107 363 236 445 alisque,
252 382 328 444 quaa
342 363 481 429 militibus
490 366 556 428 usui
570 366 681 436 forent,
697 374 824 429 maturat
834 369 864 428 in
874 368 1001 429 hiricam
1016 385 1085 446 por·

107 454 191 511 tare:
208 449 352 511 aestatim
365 450 428 526 ipse
443 450 606 528 proiectus,
630 451 672 511 uti
688 457 755 512 ante
773 453 902 522 comitia,
919 452 997 530 quod
1012 459 1086 514 tem·

107 548 164 610 pus
178 530 250 592 baut
262 530 349 610 longe
363 531 481 602 aberat,
497 534 585 594 umis
600 540 650 593 aut
664 533 808 596 deditione
822 542 874 596 ant
882 536 984 614 quovis
997 534 1086 595 modo

108 614 219 680 belum
232 615 400 680 contenet.
421 615 458 678 Aa
466 623 569 676 contra
582 615 724 694 lugurtha
737 618 856 680 trahere
863 620 960 679 omnia
975 625 1005 678 et
1015 617 1111 678 aliast

88 697 215 762 sdeinds
228 697 297 763 altas
318 715 421 761 morae
445 716 548 762 causas
575 699 682 770 facere,
702 700 1032 779 pohicerideditionem
1052 719 1086 762 ac

109 781 213 846 deinde
225 788 336 845 metum
350 782 499 853 simulare,
514 783 620 846 cedere
628 783 746 844 metanti
761 792 791 844 et
808 784 895 862 paulo
909 791 976 863 post
990 802 1028 846 ne
1041 786 1087 845 sui

107 863 272 928 diffiderent
290 867 415 931 inaure:
435 866 475 927 ita
494 865 563 927 belli
581 867 669 928 modo
685 866 773 929 modo
788 868 868 945 pacis
881 885 965 927 mora
981 886 1085 928 oonsu-

106 946 166 1011 lam
183 947 337 1011 ludificari.
379 949 422 1012 hc
445 950 529 1011 luere
551 951 684 1029 quitum
705 949 843 1012 Albinum
863 949 934 1011 haut
951 951 1111 1029 ignarum3

108 1030 210 1095 consili
223 1034 302 1111 regis
318 1034 529 1095 existumarent
549 1051 646 1113 neque
667 1052 703 1096 ex
724 1040 803 1096 unta
824 1036 1013 1113 properantia
1025 1042 1086 1094 tam

73 1113 191 1177 solacile
204 1123 331 1178 tractum
346 1115 456 1179 bellum
475 1118 610 1179 socordia
630 1119 722 1196 magis
735 1135 825 1198 quam
838 1116 906 1179 dolo
921 1118 1084 1179 crederent.

109 1197 159 1261 Set
180 1207 336 1278 postquam
351 1199 461 1280 dilapso
478 1208 611 1280 tempore
627 1202 811 1263 com‘m'orum
825 1201 887 1263 dies
904 1201 1115 1271 adventabat,4

107 1280 229 1427 galbione
243 1282 318 1343 Aulo
333 1282 424 1345 tratre
442 1285 473 1345 in
490 1284 592 1345 castris
612 1302 667 1363 pro
688 1292 826 1363 praetore
847 1284 949 1346 relicto
962 1285 1087 1346 Romam

129 1366 241 1427 comsit.

191 1447 233 1513 Ea
247 1455 419 1526 tempestate
433 1447 544 1511 Romae
561 1447 751 1511 seditionibus
765 1448 929 1511 tribuniciis
948 1451 1086 1511 atrociter
1096 1450 1134 1512 37

72 1549 158 1594 sares
170 1531 287 1609 pubbca
308 1531 480 1610 agitabatur.
518 1532 552 1593 P.
572 1532 711 1594 Lucullus
729 1540 758 1593 et
773 1532 806 1593 h.
827 1533 955 1602 Annius,
977 1532 1113 1594 uibunit

106 1614 213 1694 plebei,
233 1614 436 1678 resistentibus
457 1614 586 1694 conlegis
608 1618 778 1678 continuare
793 1617 995 1695 magistratum
1012 1619 1085 1678 nito·

106 1698 229 1780 bantur,
252 1718 327 1779 quae
345 1699 486 1761 dissensio
506 1701 595 1762 totius
612 1701 681 1761 anni
699 1701 814 1761 comitia
832 1701 1008 1779 inpediebat.
1043 1701 1110 1762 llas

106 1799 190 1842 mora
200 1783 230 1843 in
244 1799 327 1859 spem
342 1782 484 1846 adductus
498 1783 597 1852 auus,
613 1801 702 1861 mem
713 1790 920 1862 propraetore
938 1786 968 1845 in
985 1785 1086 1845 castris

107 1864 243 1927 relictum
263 1881 353 1942 supra
373 1863 513 1935 diximus,
545 1874 594 1926 aut
614 1866 789 1927 conficiundi
810 1866 879 1928 belli
900 1875 950 1928 aut
971 1874 1087 1928 terrore

72 1967 99 2009 ao
109 1949 253 2011 exercitus
264 1946 300 2008 ab
316 1965 387 2026 rege
400 1949 543 2027 pecuniae
560 1947 732 2026 capiundae,
747 1948 853 2011 milites
866 1967 968 2010 mense
983 1948 1086 2010 lanua·

107 2033 152 2092 rio
168 2049 205 2092 ex
216 2030 347 2093 hibernis
360 2033 390 2093 in
406 2032 619 2110 expeditionem
631 2039 740 2102 evocat,
751 2035 923 2112 magnisque
934 2031 1086 2094 itineribus

106 2114 203 2177 bieme
220 2131 324 2192 aspera
337 2117 469 2193 pervenit
490 2116 528 2177 ad
544 2116 684 2196 oppidum
703 2116 817 2187 Suthul,
840 2116 891 2179 ubi
908 2118 986 2197 regis
1001 2117 1085 2178 then·

106 2200 188 2260 sauri
203 2205 296 2263 erant
326 2197 410 2268 Quod
426 2217 603 2278 quamquam
618 2207 646 2260 et
661 2200 777 2261 saevitia
792 2202 933 2280 temporis
943 2208 1112 2281 coppos-o

106 2283 229 2345 sanitate
242 2280 302 2343 loci
315 2299 412 2360 nequae
429 2283 495 2359 capi
507 2300 603 2360 neque
619 2280 746 2344 obsideri
760 2290 876 2359 poterat
892 2316 927 2331 -
944 2302 1013 2344 nam
1029 2285 1085 2342 cir·

71 2388 97 2431 as
108 2383 176 2428 oum
191 2382 325 2434 murum,
349 2367 436 2426 situm
454 2365 484 2425 in
504 2365 655 2442 praerupti
673 2366 780 2429 montis
797 2371 938 2433 extremo,
953 2365 1086 2441 planities

106 2449 210 2513 limosa
231 2448 427 2511 hiemantibus
449 2448 532 2525 aquus
551 2445 688 2525 paludem
709 2447 821 2507 lecerat
842 2480 894 2517 ——,
918 2455 1015 2508 tamen
1036 2456 1087 2508 aut

107 2533 263 2597 simulandi
276 2535 369 2610 gratia
387 2550 445 2612 quo
460 2531 524 2610 regi
537 2529 723 2592 formidinem
738 2530 873 2601 adderet,
888 2538 938 2594 eut
952 2531 1087 2609 cupidine

108 2635 213 2679 caecus
224 2617 262 2678 ob
274 2617 449 2680 thensauros
465 2615 562 2694 oppidi
573 2614 714 2693 potiundi,
730 2615 828 2676 uncas
842 2631 931 2691 agere
948 2630 1086 2691 aggerem

107 2701 205 2761 iacere
219 2699 332 2778 aliaque
342 2719 417 2780 quae
429 2702 547 2779 incepto
557 2699 624 2762 usui
634 2698 731 2760 forent
743 2715 915 2777 properare.
935 2699 972 2758 At
981 2699 1085 2774 lugur-
1097 2706 1136 2770 38

73 2782 159 2843 sothe
173 2783 289 2857 cognita
303 2786 426 2846 vamtate
443 2792 529 2864 atque
542 2785 676 2862 inperitia
690 2781 778 2859 legati
795 2781 936 2843 subdolus
958 2784 1020 2844 eius
1034 2799 1085 2842 au·

107 2882 180 2943 gere
199 2866 369 2935 amentiam,
395 2869 538 2928 missitare
559 2865 748 2945 subplicantis
771 2865 898 2944 legatos,
920 2869 982 2946 ipse
1005 2866 1087 2945 quasi

108 2947 283 3010 vitabundus
302 2965 356 3027 per
371 2949 497 3010 saltuosa
511 2951 575 3012 loca
589 2959 618 3012 et
627 2953 758 3012 tramites
776 2950 938 3012 exercitum
955 2951 1085 3012 ductare.

108 3032 241 3111 Denique
257 3032 364 3094 Aulum
382 3049 434 3111 spe
450 3035 591 3110 pactionis
604 3034 731 3112 perpulit
746 3036 788 3096 uti
802 3034 904 3097 relicto
920 3033 1041 3095 Suthule
1057 3033 1112 3097 ina

109 3116 221 3186 abditas
241 3118 378 3195 regiones
394 3134 457 3178 sese
472 3115 561 3178 veluti
579 3117 731 3180 cedentem
746 3120 950 3198 insequeretur
966 3116 1019 3196 [ita
1036 3113 1086 3174 de·

74 3199 177 3261 ultera
199 3201 357 3263 occultiora
378 3198 485 3281 luere}
528 3199 643 3262 lnterea
663 3219 718 3283 per
739 3200 872 3262 homines
895 3199 1015 3260 callidos
1036 3196 1111 3267 dina

109 3290 257 3362 noctuque
280 3286 440 3347 exercitum
456 3282 630 3361 temptabat,
653 3286 840 3346 centuriones
861 3283 1009 3361 ducesque
1023 3287 1086 3340 tur·

110 3384 226 3430 marum
238 3370 344 3448 partim
358 3369 401 3429 nti
416 3367 633 3445 banslugerent
643 3384 846 3445 conrumpere,
862 3365 910 3426 alii
924 3368 1008 3445 signo
1018 3365 1085 3427 dato

110 3449 208 3512 locum
221 3455 264 3514 uti
280 3453 458 3514 desererent,
494 3451 574 3522 Quae
589 3459 742 3531 postquam
757 3466 793 3511 ex
806 3452 947 3512 sententia
959 3449 1110 3518 instruite
