2422 3854
288 219 332 260 nn
352 218 456 263 senno
476 209 781 265 eaeremoniis
803 209 848 264 84.
863 209 906 264 85.
1048 200 1088 264 87

108 365 236 445 gandae,
259 383 335 446 quae
355 367 450 444 potior
472 363 550 426 bello
563 373 650 435 esset,
667 375 697 428 et
715 383 891 445 quamnquam
909 365 1015 445 opibus
1028 369 1089 429 suis

109 449 284 519 ooutlderet,
307 456 405 511 tamen
425 466 487 510 uon
507 448 617 511 debere
637 450 749 512 ineerta
769 467 825 528 pro
849 451 938 511 certis
959 457 1088 512 mutare:

109 550 198 595 omne
211 530 321 594 bellum
336 533 412 594 sumi
425 530 520 602 tacite,
537 538 668 595 ceteram]
679 550 851 612 aegerrume
866 532 1013 595 desinere:
1029 551 1090 595 non

110 619 141 678 in
161 615 292 678 eiusdem
312 621 457 694 potestate
476 616 590 678 midam
613 618 675 677 eius
697 622 726 678 et
745 617 835 678 finem
856 633 936 678 esse:
957 617 1090 696 incipere

87 701 210 770 oouivis,
233 701 320 761 etiam
335 700 455 776 ignaro,
476 697 583 769 licere,
612 699 719 778 deponi
748 716 816 761 eum
842 700 967 762 viatores
987 699 1089 761 velint:

109 783 233 862 proinde
246 781 302 845 sihi
318 798 470 861 regnoque
483 799 537 844 suo
552 781 727 852 consuleret,
742 799 802 844 neu
813 781 945 845 florentio
959 800 1008 844 res
1022 801 1090 845 suas

110 884 178 928 eum
198 865 358 944 Iugurthae
377 865 499 944 perditis
515 867 660 929 miseeret.
700 865 744 927 ld
762 882 796 926 ea
815 882 871 928 rex
888 867 957 929 satis
976 866 1116 945 plaeideo

89 949 199 1015 ,rerba
219 949 302 1011 lacit:
324 966 389 1011 sese
404 966 508 1028 pacem
524 967 643 1028 cupere,
666 955 710 1010 set
722 948 882 1026 Iugurthae
904 948 1090 1012 femmarum

111 1034 261 1094 misereri:
276 1035 302 1094 si
316 1033 419 1095 eadem
429 1031 470 1095 illi
481 1034 564 1113 eopia
579 1034 673 1103 deret,
689 1035 786 1094 omnia
801 1039 990 1095 conventura.
1012 1031 1116 1094 itur-3

74 1133 162 1177 rosus
173 1115 338 1191 imperator
350 1121 453 1178 oontm
480 1116 624 1194 postulata
640 1116 751 1178 Booehi
777 1117 896 1178 nuntios
915 1116 1020 1177 mittit:
1042 1115 1090 1178 ille

108 1199 236 1278 probare
256 1201 372 1279 partim,
389 1199 445 1261 alia
458 1198 598 1263 abnuere.
634 1199 677 1261 Eo
699 1199 787 1263 modo
800 1216 890 1278 saepe
904 1198 941 1261 ab
963 1206 1090 1279 unoque

108 1285 204 1344 missis
225 1283 412 1360 remissisque
429 1284 542 1344 annuis
563 1291 681 1360 tempus
694 1282 874 1360 procedere,
890 1289 919 1345 et
934 1301 970 1344 ex
984 1281 1090 1345 Metelli

109 1365 256 1428 voluntate
274 1364 385 1426 bellum
403 1366 547 1426 intaetum
566 1365 652 1428 habi.
1035 1422 1040 1432 .

194 1449 231 1510 lt
244 1447 366 1517 Marius,
382 1454 416 1508 ut
429 1447 664 1526 supradiximus,
679 1449 905 1526 cupientissuma
919 1447 1005 1528 plebe
1020 1466 1089 1510 eon-
1100 1454 1139 1519 84

74 1552 100 1594 aa
110 1532 157 1595 sul
169 1533 277 1602 taonis,
300 1537 456 1610 postquem
472 1532 499 1593 ei
512 1532 693 1611 provinciam
708 1530 874 1593 Numidiam
889 1530 1015 1610 populus
1029 1532 1089 1594 ius·

109 1619 159 1685 sit,
187 1623 272 1678 autea
291 1617 350 1677 iam
370 1613 492 1677 infestus
512 1613 672 1684 nobilitati,
698 1620 761 1677 tum
781 1632 852 1677 nero
873 1614 982 1679 mutos
1002 1620 1090 1694 atque

111 1701 193 1761 ierox
208 1693 331 1768 moure,
346 1697 476 1776 singulos
488 1697 577 1760 modo
591 1698 679 1760 modo
694 1700 848 1761 univorsos
861 1697 993 1762 laedere:
1008 1698 1089 1760 dioti-

109 1789 173 1843 tare
190 1799 254 1843 sese
269 1781 452 1843 consulatum
467 1799 504 1845 ex
520 1782 602 1843 vietis
618 1781 674 1842 illis
687 1781 779 1860 spolia
795 1784 916 1861 cepisse,
932 1782 987 1844 alia
1003 1799 1088 1860 prae·

109 1873 189 1927 terea
205 1865 360 1944 magnifica
372 1881 427 1942 pro
440 1881 473 1926 se
504 1872 534 1924 et
546 1863 602 1927 illis
618 1864 754 1927 dolentia.
784 1864 906 1927 iuterim
921 1883 996 1944 qrme
1011 1863 1115 1929 behor

73 1965 184 2026 aoopua
201 1955 285 2010 eraut
305 1949 399 2026 prima
413 1947 539 2010 habere:
560 1947 709 2026 postulare
722 1947 887 2025 legionibus
901 1946 1087 2027 subplemen-

109 2039 186 2102 tum,
204 2030 309 2095 auxilia
322 2049 340 2094 a
354 2030 471 2112 populis
486 2039 516 2094 et
531 2031 653 2111 regibus
665 2031 811 2111 sociisque
825 2048 986 2102 eroessere,
1002 2048 1088 2110 prae·

109 2122 190 2177 terea
210 2134 245 2177 ex
266 2115 350 2177 Latio
369 2115 570 2177 fortissumum
593 2131 755 2197 quemque,
780 2114 938 2195 plerosque
960 2115 1087 2184 militiae,

108 2216 219 2277 pauens
233 2199 310 2260 tama
325 2200 458 2276 cognitos
475 2200 588 2269 adoino,
610 2209 639 2261 et
660 2199 818 2264 ambiundo
832 2216 941 2278 cogere
955 2200 1089 2262 homines

110 2283 238 2344 emeritis
263 2281 413 2359 stipendiis
439 2298 541 2343 seeum
566 2283 720 2358 prodebat.
769 2283 871 2362 Neque
895 2283 936 2345 illi
961 2291 1117 2351 senatust

73 2388 99 2428 ao
109 2381 285 2445 quamquam
303 2363 444 2425 advorsus
460 2370 531 2433 erat,
545 2365 584 2427 de
597 2364 658 2426 ullo
668 2367 786 2443 negotio
800 2364 931 2427 abnuere
946 2365 1089 2429 audebat:

109 2454 241 2510 ceterum
255 2446 491 2527 subplementum
507 2449 594 2510 etiam
606 2445 700 2510 laeuis
715 2446 896 2517 demoverat,
912 2450 979 2526 quia
993 2464 1090 2529 neque

109 2530 206 2608 plebei
226 2530 326 2593 militia
346 2531 455 2594 volenti
470 2530 629 2609 putabatur
657 2535 686 2593 et
705 2529 814 2591 diarius
835 2536 886 2591 aut
913 2529 983 2592 belli
1003 2546 1089 2593 usum

113 2621 165 2676 aut
192 2614 286 2675 studia
313 2613 391 2692 volgi
418 2616 588 2677 amissurus.
628 2615 680 2676 Set
699 2630 733 2675 ea
753 2629 804 2675 res
824 2612 934 2674 frustra
954 2620 1115 2690 speratazt

109 2703 188 2757 tanta
208 2696 308 2758 lubido
331 2716 398 2759 eum
419 2696 511 2761 Mario
533 2696 621 2758 eundi
641 2695 799 2775 plerosque
820 2696 973 2758 invaserat
1018 2696 1089 2758 Sese

72 2781 232 2859 remisque
244 2780 354 2858 praeda
364 2779 541 2859 locupletem
551 2778 624 2851 iore,
631 2780 773 2843 victorem
784 2779 905 2841 domum
913 2781 1087 2848 rediturum,

108 2864 164 2924 alia
185 2862 308 2924 huiusce
333 2863 413 2925 modi
431 2865 534 2926 animis
554 2862 726 2933 trahebant,
745 2869 786 2934 ¹et
811 2881 861 2925 eos
887 2880 949 2925 nou
970 2864 1089 2944 paulum

109 2949 241 3009 oratione
268 2963 322 3008 sua
347 2945 456 3008 Marius
477 2947 641 3011 adrexerat
682 2946 757 3008 Nam
778 2954 934 3027 postquam
954 2948 1115 3010 omnibus5

109 3049 184 3110 quae
206 3028 404 3109 postulaverat
424 3031 550 3093 decretis
569 3030 676 3094 milites
695 3029 827 3093 scribere
853 3029 926 3102 volt,
953 3032 1090 3099 hortandi

108 3130 198 3175 eausa
226 3112 312 3175 simul
333 3119 363 3174 et
376 3112 558 3176 nobilitatem
571 3116 614 3176 uti
633 3121 825 3176 consueverat
841 3115 1005 3192 exagitandi
1019 3131 1089 3174 con·

72 3199 218 3260 ostionem
235 3195 336 3277 populi
350 3197 507 3267 advocavit,
530 3198 637 3261 deinde
654 3197 712 3259 hoo
729 3197 817 3259 modo
839 3198 989 3258 disseruit:

194 3280 270 3342 ‘Soio
285 3297 357 3359 ego,
379 3281 515 3354 tinnites,
538 3279 695 3361 plerosque
714 3298 775 3342 non
790 3280 901 3343 eisdem
909 3275 1024 3340 artibus
1033 3277 1089 3339 im·
1098 3276 1139 3340 85

109 3376 224 3443 parrum
240 3381 257 3424 a
273 3363 354 3426 vobis
369 3371 472 3443 petere
486 3371 516 3426 et
529 3369 685 3444 postquam
700 3365 798 3441 adepti
812 3370 881 3424 sunt
893 3379 1013 3441 gerere:
1029 3366 1088 3443 pri-

108 3465 157 3509 mo
185 3448 344 3511 industrius
358 3448 498 3529 subplieis
523 3448 655 3510 modicos
677 3465 755 3517 esse,
781 3447 849 3509 dein
869 3464 923 3526 per
946 3449 1090 3529 ignaviam
