2422 3854
211 230 255 271 nn
279 228 453 272 oarrnrusn
477 228 720 273 oourvnsuronu
745 228 772 270 o.
805 219 847 274 ³7.
882 221 925 274 38.
948 221 990 275 39.
1029 215 1068 278 19

88 392 146 437 nus
165 376 252 437 domo
272 375 435 454 expulerat,
458 377 485 437 ei
501 376 624 436 Romam
645 376 720 436 sicut
739 376 768 436 in
791 376 934 437 sentinam
954 375 1064 439 conflu-

90 465 202 522 xerant.
220 458 331 520 Deinde
347 458 430 519 multi
443 475 589 520 memores
606 457 742 520 Sullanae
759 459 911 528 victoriae,
935 460 1014 537 quod
1029 469 1091 521 exo

90 543 232 619 gregariis
247 540 386 603 militibus
399 540 470 602 alios
490 548 639 602 senatores
652 540 801 611 ridebant,
823 540 894 603 alios
908 543 948 602 ita
965 542 1066 604 divites

90 630 123 685 ut
139 625 221 701 regio
234 625 310 685 rictu
327 631 413 703 atque
428 623 507 686 multu
524 631 647 685 aetatem
662 631 796 702 agerent,
819 624 875 685 sibi
889 627 1020 704 quisque,
1042 627 1067 687 si

67 708 120 767 ain
138 707 225 768 armis
246 706 332 777 leret,
351 710 387 769 'ex
400 708 519 769 victoria
533 705 599 768 talia
616 706 764 786 sperabat.
790 708 945 770 Praeterea
967 710 1093 770 iuven-7

32 830 36 837 ‹
89 797 153 860 tus,
177 807 251 869 quae
271 791 302 851 in
323 792 401 867 agris
421 808 561 851 manuum
581 791 717 851 mercede
737 791 865 868 inopiam
883 789 1066 862 toleraverat,

89 874 210 950 privatis
231 878 318 952 atque
339 872 464 952 publicis
483 872 684 952 largitionibus
699 874 791 935 excita
808 872 954 935 urbanum
976 876 1068 935 otium

89 957 204 1034 ingrato
226 955 322 1016 labori
341 956 527 1035 praetulerat
570 956 628 1016 Eos
647 964 733 1035 atque
753 955 825 1017 alios
845 957 938 1017 omnis
959 955 1094 1017 maluma

90 1038 239 1116 publicum
254 1037 362 1101 alebat:
379 1057 436 1119 quo
450 1040 546 1101 minus
560 1039 726 1101 mirandum
740 1045 784 1100 est
797 1038 931 1105 hemines
946 1040 1067 1116 egentis,

56 1136 81 1178 ro
90 1120 172 1183 malis
189 1121 321 1183 moribus
333 1139 469 1184 mxuma
483 1140 552 1202 spe,
574 1123 619 1183 rei
633 1121 768 1200 publicae
781 1123 861 1184 iuxta
876 1139 911 1183 ac
927 1121 983 1184 sibi
998 1139 1068 1183 con·

90 1203 222 1266 suluisse.
264 1204 419 1267 Praetmea
440 1223 566 1284 quorum
584 1206 703 1266 victoria
725 1203 822 1266 Sullae
840 1213 978 1283 parentes
999 1208 1095 1284 pro-9

90 1288 200 1365 scripti,
215 1285 294 1348 bona
307 1293 416 1366 erepto,
424 1289 470 1348 ius
482 1287 623 1349 libertatis
636 1289 812 1350 inminutum
826 1295 898 1358 erat,
912 1289 984 1350 haut
998 1305 1068 1350 sane

91 1369 147 1430 abo
165 1370 261 1430 anirno
283 1367 352 1430 belli
366 1376 500 1430 eventum
522 1369 721 1448 expectabant.
751 1369 795 1430 ld
813 1370 872 1429 hoc
889 1373 1067 1449 quicumque
1078 1377 1110 1430 10

91 1451 214 1514 marum
229 1457 316 1531 atque
327 1458 445 1514 senatus
460 1453 587 1529 partium
602 1459 695 1521 erant,
709 1451 879 1514 conturbari
894 1470 958 1514 rem
972 1452 1068 1531 publi·

56 1555 82 1597 rs
92 1553 156 1596 cam
173 1550 260 1615 quam
273 1536 369 1597 minus
385 1535 481 1597 rale're
491 1537 548 1614 ipsi
559 1534 714 1596 malebant.
735 1535 768 1597 ld
782 1534 855 1596 adeo
868 1533 978 1596 malum
992 1535 1109 1599 mul-11

91 1626 137 1678 tes
153 1626 221 1698 post
237 1635 329 1679 annos
342 1621 373 1679 iu
388 1619 532 1680 eintatem
546 1625 717 1679 reverterat.
751 1616 826 1679 Nam
843 1625 998 1697 postquam
1013 1621 1067 1681 Cu.
1078 1624 1118 1688 38

90 1703 230 1780 Pompeio
245 1700 302 1782 [et]
315 1702 352 1762 Μ.
370 1701 473 1763 Crasso
489 1701 656 1763 consulibus
672 1700 827 1762 tribunicia
840 1709 970 1779 potestas
984 1704 1068 1765 resti-

91 1791 152 1845 tuta
167 1790 227 1854 est,
250 1785 383 1846 homines
399 1785 599 1847 adulescentes
613 1802 757 1845 summam
773 1791 948 1862 potestatem
961 1786 1068 1854 nancti,

98 1866 203 1948 quibus
216 1874 294 1928 aetas
308 1868 479 1946 animusque
493 1867 578 1929 ferox
593 1875 664 1938 erat,
680 1885 805 1946 coepere
823 1874 957 1929 senatum
972 1869 1068 1929 crimi-

55 1975 83 2015 ιο
91 1950 188 2010 nando
207 1949 324 2028 plebem
341 1952 503 2026 exagitare,
526 1950 592 2012 dein
607 1950 760 2027 largiundo
778 1956 865 2029 atque
883 1949 1068 2028 pollicitando

91 2033 183 2110 magis
193 2033 366 2095 incendere:
382 2033 421 2093 ita
435 2035 490 2111 ipsi
505 2033 576 2094 clari
588 2041 781 2112 potentesque
796 2033 869 2095 lieri.
896 2033 1003 2094 Contra
1018 2041 1096 2094 eost

91 2133 205 2177 summa
220 2133 276 2195 ope
294 2116 441 2177 nitebatur
458 2115 599 2196 pleraque
615 2116 751 2178 nobilitas
765 2122 884 2178 senatus
901 2117 998 2195 specie
1013 2133 1068 2194 pro

91 2216 144 2260 sua
155 2199 362 2277 magnitudine.
384 2199 530 2278 Namque,
547 2201 590 2260 uti
600 2202 701 2276 paucis
714 2218 817 2262 rerum
830 2198 987 2269 absolvam,
1004 2203 1095 2276 posta

94 2281 192 2342 Sullae
203 2288 333 2358 tempora
344 2283 520 2360 quicumque
533 2299 597 2342 rem
611 2281 759 2359 publicam
772 2284 925 2358 agitavere,
940 2281 1069 2342 honestis

55 2391 81 2432 η
93 2363 268 2432 nominibus,
290 2363 338 2425 alii
350 2365 435 2424 sicuti
449 2362 550 2441 populi
563 2365 627 2423 iura
642 2363 842 2432 defenderent,
863 2380 933 2440 pars
950 2380 1008 2441 quo
1022 2378 1068 2422 se-

90 2454 177 2508 natus
192 2446 348 2508 auctoritas
362 2463 498 2507 maxuma
512 2445 597 2514 foret,
615 2445 725 2508 bouum
739 2445 890 2525 publicum
902 2444 1069 2506 simulantes

90 2548 144 2608 pro
166 2546 220 2591 sua
246 2530 368 2608 quisque
396 2530 525 2606 potentia
547 2528 708 2590 certabant.
733 2529 833 2607 Neque
853 2527 908 2590 illis
928 2526 1069 2588 modestia

26 2655 27 2658 ,
90 2631 186 2692 neque
201 2613 306 2674 modus
322 2612 516 2674 contentionis
531 2618 605 2672 erat:
619 2612 734 2690 utrique
747 2612 898 2672 victoriam
911 2608 1068 2672 crudeliter

91 2694 276 2756 exercebant.
304 2695 356 2756 Set
365 2702 519 2774 postquam
534 2694 589 2755 Gn.
604 2694 761 2773 Pompeius
777 2694 814 2755 ad
824 2693 934 2755 bellum
948 2694 1068 2754 maritu·
1079 2689 1119 2752 39

55 2794 172 2848 samum
187 2783 273 2855 atque
286 2777 511 2839 Mithridaticum
522 2778 628 2838 missus
642 2783 694 2846 est,
708 2776 803 2854 plebis
816 2794 887 2856 opes
899 2778 1066 2845 inminutae,

90 2877 253 2939 paucorum
266 2861 394 2938 potentia
411 2861 509 2921 crevit.
536 2860 571 2920 lli
584 2861 770 2938 magistratus
781 2860 945 2938 provincias
955 2858 1095 2939 aliaque2

91 2945 188 3005 omnia
202 2949 319 3005 tenere:
334 2943 390 3020 ipsi
403 2943 513 3004 innoxii
522 2941 661 3005 florentes
671 2944 733 3005 sine
744 2949 824 3004 metu
835 2948 959 3004 aetatem
971 2959 1068 3019 agere,

88 3036 214 3097 ceteros,
231 3029 280 3106 qui
293 3024 411 3105 plebem
426 3027 457 3083 in
469 3028 643 3102 magistratu
653 3025 798 3107 placidius
811 3033 984 3103 tractarent,
999 3025 1076 3087 ludi·

90 3114 275 3174 ciisterrere.
293 3109 344 3170 Set
354 3108 406 3168 ubi
416 3108 545 3187 primum
557 3109 656 3171 dubiis
665 3109 753 3171 rebus
762 3110 889 3172 novandi
900 3128 969 3190 spes
980 3107 1107 3172 oblatae

59 3214 85 3256 n
96 3202 148 3264 est,
172 3200 254 3256 vetus
272 3201 421 3257 certamen
437 3193 549 3253 animos
565 3212 667 3256 eorum
685 3197 805 3259 adrexit.
837 3196 963 3267 Quodsi
978 3196 1100 3274 primos

45 3317 49 3324 -
94 3275 207 3354 proelio
227 3276 347 3339 Catilina
364 3277 499 3356 superior
522 3284 572 3339 aut
586 3294 678 3357 aequa
692 3296 781 3340 manu
794 3279 987 3348 discessisset,
1004 3296 1073 3356 pro-

95 3358 172 3420 iecto
187 3377 294 3440 magna
316 3359 412 3422 clades
432 3367 518 3438 atque
539 3359 685 3422 calamitas
699 3380 762 3423 rem
784 3360 937 3440 publicam
952 3361 1099 3445 obpres-⁸

95 3443 196 3504 sisset:
212 3462 308 3524 neque
323 3443 396 3516 illis,
412 3445 438 3506 si
450 3445 607 3508 victoriam
620 3444 726 3524 adepti
735 3444 863 3512 iorem,
878 3442 998 3501 mmm
1011 3439 1117 3492 eam

922 3538 972 3594 Ἢ»
