2422 3854
70 219 72 223 ·
126 187 168 251 74
304 205 467 249 ruarmo
491 205 685 251 rvovnrrrrno
708 209 734 250 e.
757 193 800 250 58.
822 193 865 249 59.
888 194 932 250 de.

97 357 208 419 etibua
219 354 495 434 portaminrumpit.
511 354 651 415 rit-nostri
662 356 909 433 repentiuometu
918 358 1051 436 perculsi
1058 360 1118 425 sibi
1142 432 1152 436 ,

130 443 253 519 quisque
263 454 318 516 pro
330 437 462 499 moribus
477 436 648 500 consulunt:
667 437 832 517 aiiiiugore
842 437 892 501 aiii
902 459 985 505 arma
996 451 1116 524 capere,

98 535 235 601 tmagna
246 539 315 601 pars
327 520 471 583 volnerati
483 529 533 584 aut
549 523 649 584 occisi.
679 523 816 585 Ceterum
835 541 871 584 ex
888 527 969 588 omni
982 528 1117 591 novitiar-

129 609 198 670 dine
215 624 275 668 non
291 605 416 685 amplius
434 605 641 684 quadraginta,
663 623 816 669 memores
833 611 964 671 nominis
979 610 1116 685 Romani,

130 709 219 770 grege
230 692 306 753 iacto
318 689 416 753 iocum
434 707 540 768 erpere
558 689 646 769 paulo
661 709 750 770 quam
762 689 811 752 alii
828 692 1139 775 editiorem,1requo⁶

129 776 199 836 inde
210 792 346 836 maxuma
358 773 505 854 videpeili
521 777 690 854 quiverunt,
707 781 752 836 eet
768 774 828 836 teia
839 778 955 839 eminus
967 781 1056 843 missa
1067 799 1114 842 re·

130 860 256 928 mittere,
268 858 356 937 ponat
366 860 397 920 in
408 858 545 938 pluribus
557 858 815 920 minusirustrati:
831 861 876 921 sin
888 861 1033 925 Numidae
1044 883 1116 943 pro·

132 946 198 1022 pius
217 943 422 1019 adoessissent,
444 943 484 1004 ibi
506 960 576 1004 varo
597 943 733 1003 virtratam
755 941 909 1002 ostendere
926 949 959 1002 et
978 961 1029 1004 eos
1046 961 1113 1005 na·

106 1045 219 1097 rxtrma
241 1029 270 1087 ri
291 1027 422 1096 caedere,
446 1024 571 1086 tundore
591 1032 677 1104 atque
693 1025 804 1101 ingara.
843 1022 1113 1089 intermoreretur

132 1128 199 1173 eum
226 1126 381 1171 acerrume
408 1125 472 1168 rem
490 1114 621 1185 gereret,
649 1107 805 1168 tumultum
829 1107 965 1168 hostilem
988 1127 1005 1170 a
1027 1117 1146 1187 torque

132 1194 260 1272 aceepit:
295 1192 362 1253 dein
396 1207 538 1252 convorso
562 1208 637 1270 equo
659 1190 864 1252 animadvortit
891 1190 988 1268 iugem
1016 1194 1052 1254 ad
1076 1208 1112 1254 ‘se

106 1293 253 1345 evorsum
271 1275 351 1345 tieri,
378 1293 452 1354 quae
475 1291 524 1336 res
548 1273 694 1335 indieabat
718 1273 869 1353 popularis
897 1291 971 1335 esse.
1019 1276 1112 1353 igitar

132 1361 290 1440 equitatum
314 1376 431 1420 omnam
454 1358 490 1419 ad
517 1363 610 1418 eastra
630 1359 869 1436 propmemisit,
901 1359 1047 1419 aestatim
1074 1360 1109 1423 G.

130 1445 254 1507 Marium
273 1458 340 1504 oum
362 1441 532 1503 cohortibus
551 1442 712 1510 remorum,
736 1441 1042 1520 unaque-laerumans
1055 1459 1111 1521 per

18 1602 22 1609 ⁸
131 1529 285 1590 mnioitiam
306 1542 418 1605 perque
438 1542 506 1586 rem
524 1523 674 1602 publieam
686 1523 828 1595 obseurat,
843 1541 882 1584 re
902 1540 992 1601 quam
1007 1532 1143 1588 contu-u

131 1610 247 1671 mediam
268 1624 424 1670 remanere
444 1610 477 1669 in
494 1609 625 1669 armcitu
645 1609 771 1676 vietora,
794 1624 867 1667 neve
888 1605 979 1667 hostis
1001 1608 1111 1671 inuitos

104 1693 212 1765 pabire
231 1695 314 1752 sinat
336 1691 389 1753 Ille
406 1691 489 1752 brevi
509 1691 643 1752 mandata
664 1691 758 1752 atiieit.
798 1690 836 1749 dt
854 1689 992 1766 Iugurtha
1013 1685 1110 1755 muni·

131 1782 229 1837 mento
249 1781 412 1837 castrorum
433 1775 594 1853 inpeditus,
617 1792 684 1836 eum
705 1773 752 1835 adii
769 1790 857 1850 super
870 1772 1108 1853 vallumpraaei·

130 1862 309 1938 pitarentur,
328 1859 379 1921 alii
390 1860 419 1920 in
434 1859 574 1936 angustiis
588 1858 643 1936 ipsi
657 1856 713 1918 sibi
725 1863 918 1936 properantes
936 1855 1106 1930 obiioareut,

130 1942 227 2005 multis
246 1944 359 2003 amissis
373 1944 403 2003 iu
419 1942 483 2003 lora
500 1942 609 2002 munita
621 1959 685 2002 sese
701 1941 822 2020 recepit.
851 1939 985 2018 Meteilus
997 1941 1138 2003 intactos

129 2028 261 2103 negotio,
284 2032 438 2104 postquam
459 2043 518 2085 nor
540 2024 654 2094 aderat,
676 2025 707 2083 io
722 2030 817 2084 eastra
833 2040 899 2084 oum
915 2025 1044 2085 exercitu
1057 2042 1106 2087 ro·

129 2111 261 2170 vortitur.

79 2187 119 2248 ⁶9
213 2191 304 2268 igitm
319 2197 438 2268 postero
453 2191 498 2252 die
510 2194 591 2269 prius
607 2207 692 2268 quarn
715 2189 752 2250 ad
775 2189 1002 2268 obpugnandum
1022 2206 1106 2267 egne-

129 2276 258 2344 deretur,
277 2275 434 2352 equitatum
451 2292 567 2336 munem
589 2276 617 2335 in
636 2292 673 2335 aa«.
687 2279 780 2352 parte,
802 2290 859 2352 qua
873 2276 952 2351 regis
966 2273 1106 2337 adventus

130 2365 200 2429 erat,
217 2375 272 2436 pro
291 2359 392 2418 eastris
407 2360 518 2435 agitare
533 2358 621 2428 iubet,
640 2364 741 2435 portas
763 2363 791 2418 et
808 2374 953 2435 ,prouuma
974 2355 1039 2417 looa
1054 2358 1136 2420 bier

128 2441 215 2502 bunis
244 2441 388 2520 dispertit,
416 2442 521 2503 deinde
542 2444 605 2520 ipse
624 2442 720 2519 pergit
740 2442 777 2503 ad
799 2441 936 2518 oppidum
958 2446 1043 2519 atquo
1065 2443 1106 2502 uti

129 2524 280 2603 superiore
292 2524 339 2585 die
346 2542 463 2586 murum
471 2525 649 2602 adgreditur.
662 2524 782 2585 Interim
792 2523 933 2600 Iugurtha
943 2541 980 2585 er
991 2522 1105 2586 ooeuito

103 2613 250 2686 trepente
264 2613 384 2667 nostros¹
396 2609 517 2670 invadit:
534 2610 583 2687 qui
594 2610 624 2668 iu
640 2624 784 2685 proxumo
799 2606 886 2667 locati
896 2606 1105 2684 sperantem·

104 2689 223 2766 adsper-
239 2691 333 2751 territi
355 2691 578 2768 perturbantur,
602 2690 703 2751 rebem
715 2691 776 2749 oito
791 2689 974 2750 subveniunt
1003 2687 1106 2768 Neque

129 2771 236 2832 diutius
256 2772 398 2835 Numidae
421 2776 556 2836 resistere
572 2774 741 2851 quivissent,
764 2773 794 2832 ni
807 2773 921 2851 pedites
939 2790 1006 2835 unu
1024 2775 1137 2851 equi-to

128 2854 208 2916 tibus
225 2856 360 2931 permixti
375 2870 510 2934 magnam
526 2856 642 2917 darem
653 2856 686 2914 in·
702 2872 865 2933 congressu
879 2855 1025 2918 tboerent:
1040 2858 1105 2934 qui·

129 2936 237 2998 burdii
259 2937 334 3006 dett,
352 2953 421 3008 non,
442 2941 483 3000 uti
499 2939 626 3017 oeream
641 2932 759 3015 proelio
771 2940 958 3020 solet-sequi,
971 2938 1039 2998 dein
1056 2957 1105 3001 ea·

128 3022 208 3090 dere,
225 3026 269 3080 set
283 3020 412 3082 advorsis
428 3024 510 3100 equis
523 3036 710 3091 oencumme,
725 3023 866 3101 inplioara
880 3040 915 3083 ae
929 3018 1106 3099 perturbere

128 3106 235 3166 aoiem:
253 3105 291 3165 ita
311 3105 451 3182 expeditis
464 3104 608 3182 peditibus
622 3106 682 3167 suis
696 3104 793 3166 bostis
802 3123 896 3184 paona
911 3106 1003 3164 vietos
1022 3103 1103 3166 dare.

77 3187 117 3249 60
128 3187 237 3249 Eodem
256 3194 388 3266 tempore
409 3187 486 3264 apud
509 3188 624 3249 Zamam
646 3205 754 3264 magna
774 3189 803 3248 ri
825 3186 1003 3249 portabatur.
1047 3188 1137 3250 tibias

127 3272 249 3352 quisque
277 3270 389 3346 legans
407 3276 461 3330 aut
486 3270 621 3333 tribunus
640 3271 775 3340 amabat,
804 3287 840 3332 ee
865 3270 1019 3330 acerrume
1041 3273 1103 3343 niti,

125 3370 222 3434 neque
234 3353 306 3415 atius
326 3355 355 3414 in
370 3353 427 3414 alio
441 3355 534 3431 magis
548 3372 634 3434 quiam
653 3357 682 3416 in
701 3371 768 3416 sese
779 3370 863 3432 spem
879 3351 1004 3413 trabem:
1026 3355 1105 3430 pari·

126 3444 231 3517 terque
244 3437 379 3516 oppidani
396 3453 499 3516 agere:
516 3437 685 3517 obpugnare
695 3443 745 3498 aut
754 3453 861 3516 parare
872 3435 1008 3499 omnibus
1023 3435 1104 3506 loeis,
