2422 3854
213 212 257 254 on
280 211 452 258 oanrnruaa
476 211 716 257 courvaarroua
738 212 765 254 c.
787 202 830 258 le.
850 203 893 258 47.
915 203 958 258 48.
1033 194 1074 256 23

103 360 196 421 Ceteri
205 362 268 422 sine
278 378 360 421 mora
372 361 497 431 veniunt,
514 360 678 437 Caeparius,
694 359 781 437 paulo
796 360 961 421 ante'domo
976 372 1101 436 egres-e

100 461 164 512 sus,
184 445 298 520 cognito
313 443 419 504 iudicio
436 461 472 504 ex
492 442 568 505 mbo
581 442 761 520 profugerat.
798 441 905 504 Consul
918 442 1074 505 Lentulum

100 526 179 604 qu'od
194 525 315 604 praetor
327 533 390 586 erat
402 527 464 604 ipse
479 544 569 587 manu
582 531 687 587 tenem
700 525 849 603 perducit,
865 525 991 587 relicuos
1006 543 1074 586 cum

100 608 269 671 custodibus
288 610 318 670 in
338 609 442 670 aedem
456 608 636 670 Concordiae
650 608 749 668 venire
764 608 854 669 iubet,
884 609 927 668 Eo
941 616 1100 669 senatumb

75 708 90 748 s
105 690 232 762 advocat,
246 707 412 770 magnaque
425 691 589 769 frequentia
604 692 666 751 eius
681 691 792 750 ordinis
807 688 990 752 Volturcium
1006 709 1073 752 cum

99 772 201 850 legatis
214 774 380 844 introducit,
392 774 530 836 Flaccum
543 783 712 852 praetorem
725 775 867 834 scrinium
878 791 946 834 cuna
959 774 1072 844 litteris,

98 873 171 934 quas
187 875 204 917 a
218 855 320 935 legatis
337 864 505 936 acceperat,
529 857 632 918 eodem
645 855 763 918 adferre
781 855 871 917 iubet
909 856 1074 927 Volturcius
1083 852 1123 914 47

96 939 294 1018 interrogatus
309 940 345 1001 de
361 941 478 1009 itinere,
501 940 538 1001 de
556 939 673 1008 litteris,
696 947 845 1017 postremo
860 939 930 1018 quid
945 946 995 1000 aut
1016 958 1074 1018 qua

98 1021 134 1082 de
158 1040 248 1085 causa
273 1022 374 1085 consili
387 1023 545 1092 habuisset,
569 1025 664 1100 primo
679 1023 791 1099 fingere
811 1021 874 1092 alia,
892 1021 1074 1084 dssimulare

60 1104 135 1167 rode
156 1107 371 1168 coniuratione:
399 1114 466 1185 post
488 1106 541 1168 ubi
566 1107 624 1167 lide
644 1103 761 1184 publica
783 1106 881 1167 dicere
902 1107 998 1167 iussus
1020 1113 1072 1174 est,

96 1190 194 1248 omnia
208 1190 251 1250 uti
266 1198 347 1266 gesta
361 1197 446 1250 erant
458 1192 560 1269 aperit,
573 1190 716 1268 docetque
727 1206 760 1249 se
773 1189 874 1266 paucis
888 1195 954 1250 ante
970 1187 1074 1250 diebus

97 1287 114 1330 a
137 1271 260 1333 Gabinio
279 1282 309 1332 et
329 1271 468 1350 Caepario
483 1275 597 1335 socium
610 1272 753 1333 adscitum
767 1271 838 1332 nihil
854 1270 977 1351 amplius
997 1273 1074 1333 scire

97 1371 185 1430 quarn
199 1353 325 1430 legatos:
345 1361 458 1415 tantum
476 1356 563 1416 modo
586 1355 689 1415 audire
710 1353 827 1414 solitum
848 1373 884 1415 ex
899 1354 1022 1416 Gabinio
1037 1356 1071 1416 P.

96 1436 272 1496 Autronium
297 1436 431 1498 Servium
446 1437 556 1498 Sullam
583 1437 614 1497 L.
631 1436 849 1513 Vargrmteium,
865 1436 971 1497 multos
986 1455 1072 1514 prae·

61 1536 87 1578 as
96 1523 177 1579 terea
204 1520 235 1579 iu
261 1538 295 1581 ea
323 1520 523 1581 coniuratione
544 1537 618 1581 esse.
661 1519 772 1580 Eadem
793 1519 868 1580 Galli
887 1521 1016 1581 fatentur
1037 1530 1098 1581 acu

95 1600 250 1663 Lentulum
272 1602 499 1665 dissimulantem
514 1609 677 1680 coarguunt
697 1609 814 1681 praeter
829 1603 939 1663 litteras
959 1620 1072 1664 sermo·

95 1682 197 1754 nibus,
228 1703 301 1763 quos
321 1685 370 1747 ille
390 1686 501 1748 habere
526 1687 628 1748 solitus
655 1693 732 1746 erat:
759 1703 795 1745 ex
822 1685 905 1746 libris
927 1685 1073 1765 Sibyllinis

94 1782 220 1842 regnum
230 1768 340 1830 Romae
353 1769 447 1830 tribus
456 1769 596 1831 Corneliis
606 1769 757 1846 portendi:
773 1767 894 1829 Cinnam
907 1775 995 1847 atque
1006 1769 1072 1831 Sul·

94 1846 154 1908 lem
163 1858 257 1920 antea,
269 1868 302 1911 se
313 1853 431 1913 tertium
442 1869 515 1920 ease,
529 1854 577 1913 cui
589 1853 681 1912 latum
692 1851 769 1911 soret
778 1851 860 1912 urbis
872 1853 974 1929 potiri:
986 1870 1072 1930 prae·

61 1938 178 1994 soterea
199 1932 236 1994 ab
258 1935 378 1996 incenso
401 1934 540 2014 Capitolio
560 1933 643 1995 illum
664 1950 728 1994 esse
748 1934 930 2010 vigesumum
951 1952 1070 2003 annum

97 2032 184 2092 quem
198 2033 285 2096 saepe
300 2036 337 2078 ex
352 2019 492 2097 prodigiis
507 2019 656 2096 aruspices
667 2016 888 2094 respondissent
904 2016 981 2078 bello
997 2017 1071 2077 civili

96 2105 250 2160 omentum
268 2099 342 2162 iore.
378 2102 470 2180 lgitur
487 2101 623 2180 perlectis
641 2098 758 2168 litteris,
779 2117 847 2160 cum
864 2102 947 2179 prius
969 2109 1098 2162 omness

95 2181 178 2256 signa
191 2199 245 2242 sua
260 2185 471 2260 cognovissent,
494 2191 612 2245 senatus
632 2183 778 2252 decernit,
801 2184 843 2244 uti
858 2182 992 2245 abdicato
1009 2202 1072 2245 ma-

95 2264 218 2338 gistratu
232 2265 372 2327 Lentulus
385 2269 514 2344 itemque
529 2267 619 2327 ceteri
632 2269 663 2326 in
675 2265 775 2326 liberis
789 2266 927 2326 custodiis
942 2266 1071 2328 habean-

59 2351 152 2405 astur.
184 2345 285 2425 ltaque
302 2347 442 2409 Lentulus
456 2349 489 2409 P.
504 2347 627 2409 Lentulo
646 2347 803 2425 Spintheri,
822 2349 948 2424 quitum
970 2349 1098 2409 aedilis4

95 2436 167 2496 erat,
188 2427 332 2504 Cethegus
346 2431 380 2501 Q.
402 2430 565 2500 Cornificio,
579 2428 707 2489 Statilius
729 2431 762 2492 G.
781 2427 910 2498 Caesari,
932 2429 1072 2493 Gabinius

94 2509 132 2570 u.
145 2509 258 2582 Crasso,
275 2512 480 2591 Caeparius-
493 2530 562 2574 uam
578 2514 603 2572 is
616 2511 704 2590 paulo
719 2517 786 2572 anto
798 2529 833 2573 ex
844 2511 913 2589 luga
927 2519 1071 2574 retractus

95 2601 158 2655 erat
175 2627 210 2639 -
228 2595 283 2656 Cn.
301 2596 439 2658 Terentio
453 2598 582 2658 senatori
597 2595 763 2659 traduntur.

178 2677 292 2739 Interea
313 2679 414 2757 plebes
428 2680 629 2742 coniuratione
642 2678 798 2756 patefacta,
820 2695 894 2757 quae
908 2679 1004 2756 primo
1018 2698 1069 2742 eu·
1080 2681 1121 2746 48

61 2780 87 2820 so
95 2759 163 2837 pida
173 2777 275 2820 rerum
288 2779 430 2825 nonarum
444 2765 530 2825 nimis
543 2761 620 2824 bello
634 2761 758 2831 larebat,
780 2766 890 2821 mutata
904 2768 1002 2825 mente
1018 2762 1071 2823 Ca·

94 2839 193 2902 tilinae
210 2841 328 2904 consilia
345 2849 490 2917 execrari,
510 2846 682 2908 Ciceronem
694 2844 731 2904 ad
751 2843 865 2906 caelum
877 2843 996 2907 tollere:
1011 2846 1070 2907 rel·

95 2926 137 2986 uti
163 2943 199 2985 ex
226 2927 364 2987 servitute
385 2936 484 3007 erepta
505 2930 644 3006 gaudium
664 2934 752 3006 atque
771 2926 909 2988 laetitiam
927 2928 1069 3007 agitabat:

95 3025 221 3086 namque
242 3007 297 3070 alia
310 3008 380 3070 belli
401 3011 529 3073 facinora
543 3012 669 3090 praedae
683 3012 776 3089 magis
789 3027 876 3091 mmm
895 3012 1099 3075 detrimentou

95 3088 169 3160 lore,
187 3092 355 3153 incendium
369 3111 440 3154 sero
455 3093 574 3156 crudele
587 3095 803 3173 inmoderatum
816 3112 851 3155 ac
865 3093 921 3154 sibi
934 3112 1070 3156 maxume

62 3173 296 3237 ascalamitosum
311 3175 440 3253 putabat,
457 3179 564 3256 quippe
578 3181 626 3240 cui
646 3195 748 3238 omnes
763 3179 863 3256 copiae
880 3177 911 3236 in
927 3193 982 3236 usu
999 3178 1069 3238 coti·

96 3257 182 3317 diarm
200 3265 230 3318 et
251 3257 330 3320 cultu
353 3262 486 3339 corporis
507 3268 600 3322 erant.

179 3339 249 3400 Post
269 3360 336 3403 eum
350 3342 428 3404 dem
443 3344 561 3422 quidam
575 3344 607 3404 L.
622 3343 798 3422 'larqumius
815 3342 852 3403 ad
867 3346 1000 3403 senatum
1018 3343 1097 3408 ads

95 3421 200 3485 duetus
219 3433 296 3496 erat,
318 3443 405 3504 mem
426 3427 463 3487 ad
479 3425 628 3487 Catilinam
649 3427 892 3506 proticiscentem
911 3443 954 3482 eu
966 3426 1085 3483 uma
