2422 3854
277 209 320 255 nx
340 207 444 253 anxio
466 207 666 254 ivarsrisruo
691 207 717 251 ο.
739 199 782 255 32.
803 198 848 256 33.
870 198 913 256 34.
1040 191 1080 250 53

176 357 267 426 4ὓιιιιι
288 357 361 419 haec
381 355 491 418 Romae
512 363 671 436 geruntur,
694 359 744 437 qui
763 357 793 419 in
808 354 941 418 Numidia
956 354 1050 417 relicti
1064 368 1105 417 aa
1142 388 1144 392 ι

108 441 202 504 Bestia
218 440 358 502 exercitui
370 447 528 518 praeerant
541 442 632 503 secuti
646 441 951 520 moremimperatoris
959 439 1004 500 sui
1016 438 1080 518 plu-

107 541 192 587 ruma
206 530 236 585 et
248 523 477 602 flagitiosissuma
491 523 620 585 facinora
635 524 746 587 iecere:
762 525 845 587 luere
859 524 909 603 qui
924 540 996 585 auro
1010 535 1104 587 con-3

108 608 187 685 rupti
200 606 368 686 elephantos
381 605 538 685 Iugurthae
552 607 714 678 traderent,
730 607 777 670 alii
790 607 929 686 perfugas
944 606 1079 677 rendere,

86 707 176 768 spars
197 709 233 752 ex
247 691 355 769 pacatis
372 689 496 767 praedas
510 689 649 768 agebant:
673 696 750 753 tanta
764 692 806 751 ris
826 690 959 752 avaritiae
974 690 1003 751 iii
1018 691 1106 756 ani-4

108 791 171 834 mos
191 790 294 836 eorum
310 771 397 835 veluti
417 771 497 834 tabes
517 773 670 835 invaserat.

189 856 226 919 nt
241 857 355 918 Cassius
369 854 480 934 perlata
497 857 646 934 rogatione
660 874 677 918 a
695 857 729 919 G.
746 854 881 917 ldemmio
895 874 930 917 ac
945 857 1104 935 perculsab

107 941 186 1001 omni
199 939 349 1001 nobilitate
363 938 400 999 ad
416 937 587 1018 Iugurtham
605 939 807 1018 proficiscitur,
830 939 915 1018 elque
930 939 1031 1000 timido
1052 947 1081 1002 et

108 1041 142 1085 ex
158 1023 332 1086 censetentia
351 1021 492 1084 diffidenti
511 1022 601 1084 rebus
619 1025 679 1084 suis
700 1021 871 1101 persuadet,
891 1022 1028 1101 quoniam
1049 1040 1081 1084 ss

74 1107 214 1185 mpopulo
225 1106 357 1168 Romano
373 1105 506 1175 dedisset,
526 1123 564 1167 ne
584 1107 642 1167 rim
661 1123 749 1185 quam
768 1105 998 1167 misericordiam
1019 1104 1081 1167 eius

106 1190 233 1269 experiri
249 1188 356 1251 mallet.
382 1189 520 1250 Privatim
537 1196 690 1267 praeterea
704 1188 792 1251 fldem
812 1205 895 1250 suain
913 1189 1079 1266 interponit,

107 1291 194 1352 quam
221 1271 270 1332 ille
297 1287 356 1331 non
386 1272 506 1331 minoris
533 1288 620 1349 quam
636 1271 783 1351 publicam
802 1270 941 1334 ducebat:
963 1270 1028 1333 talis
1047 1276 1130 1338 caat

106 1359 278 1433 tempestate
294 1352 371 1414 lama
387 1352 423 1413 de
436 1353 534 1414 Cassio
548 1360 619 1414 erat.
652 1355 744 1431 lgilur
758 1355 899 1432 Iugurtha
914 1360 1015 1416 contra
1030 1355 1080 1416 de·

109 1455 161 1499 cus
177 1437 291 1516 regium
312 1435 391 1497 cultu
406 1453 494 1514 quam
509 1453 645 1498 maxume
659 1436 815 1498 miserabili
830 1455 897 1498 cum
912 1437 1009 1498 Cassio
1023 1437 1081 1498 llo·

74 1539 186 1584 rimam
203 1521 288 1582 venit.
317 1518 374 1590 Ac,
393 1520 508 1580 tametsi
522 1520 629 1598 inipso
643 1521 803 1597 magnauis
819 1521 907 1581 animi
924 1527 995 1589 erat,
1012 1537 1103 1585 con-2

107 1605 238 1666 firmatus
259 1602 296 1663 ab
315 1601 465 1672 omnibus,
490 1620 616 1682 quorum
636 1605 764 1682 potentia
779 1611 828 1665 aut
848 1602 958 1665 scelere
977 1610 1080 1664 cuncta

107 1706 141 1750 ea
158 1692 296 1764 gesserat,
308 1703 382 1764 quae
396 1703 485 1764 supra
500 1686 632 1757 diximus,
649 1688 682 1750 G.
697 1686 839 1749 Baebium
854 1686 1004 1748 tribunum
1020 1686 1080 1764 plc-
1104 1711 1108 1718 ·

107 1770 155 1832 bei
177 1786 282 1846 magna
298 1768 434 1830 mercede
454 1775 552 1847 parat,
574 1771 655 1831 cuius
676 1770 845 1849 mpudentia
865 1776 965 1831 contra
986 1770 1031 1832 ius
1052 1775 1081 1830 et

108 1853 228 1914 iniurias
248 1851 342 1912 omnis
369 1852 498 1912 munitus
519 1850 604 1912 leret.
648 1852 684 1912 li
707 1853 741 1912 G.
764 1853 916 1914 Memmius
943 1852 1106 1921 aduocataa

74 1957 99 2000 ac
109 1937 252 2004 contione,
271 1951 446 2014 quamquain
459 1936 523 2012 regi
536 1935 639 1995 Infesta
654 1934 755 2013 plebes
773 1941 836 1995 erat
850 1941 879 1998 et
892 1952 961 2013 pars
975 1936 1005 1994 in
1020 1937 1079 1994 vin·

108 2017 245 2082 culaduci
255 2019 386 2090 iubebat,
400 2037 477 2098 pars,
489 2021 547 2081 nisi
556 2020 652 2080 socies
664 2016 787 2081 sceleris
797 2019 844 2080 sui
855 2020 1080 2099 aperiret,m0re

107 2103 251 2165 maiorum
262 2101 299 2162 de
312 2099 396 2161 hoste
409 2099 583 2178 subplicium
595 2117 678 2171 sumi,
694 2099 825 2178 dignitati
839 2118 927 2180 quam
939 2102 1001 2162 irae
1018 2118 1079 2161 ma·

108 2187 151 2263 gis
168 2184 321 2246 consulens
334 2183 438 2244 sedare
451 2189 547 2243 motus
564 2189 593 2244 et
608 2186 719 2245 animos
735 2202 838 2246 eorum
852 2182 978 2255 mollire,
1000 2190 1079 2262 pest-

108 2285 190 2329 remo
211 2267 384 2328 confirmare
403 2264 490 2326 fldem
508 2264 655 2343 publicam
676 2284 729 2343 per
749 2285 813 2328 sese
828 2266 991 2328 inviolatam
1006 2266 1078 2328 lore.

74 2351 186 2419 uPcst,
208 2349 260 2410 ubi
280 2347 426 2408 silentium
448 2349 551 2424 coepit,
569 2347 712 2425 producto
732 2348 872 2425 Iugurtha
891 2348 981 2409 rerba
1001 2348 1106 2418 licita

109 2433 218 2494 Romae
233 2429 442 2507 Numidiaeque
460 2429 589 2490 iacInora
609 2431 671 2490 eius
684 2435 840 2499 memorat,
860 2428 971 2491 scelera
985 2431 1015 2490 in
1029 2448 1079 2509 pa·

107 2523 185 2577 ‘rem
203 2514 367 2591 fratresque
387 2512 524 2573 ostendit:
548 2511 653 2590 quibus
672 2511 835 2573 iuvantibus
849 2511 1012 2593 quibusque
1026 2515 1079 2574 mi·

110 2599 206 2661 nistrIs
229 2615 263 2658 ea
284 2598 391 2673 egerit,
415 2612 591 2674 quamquam
610 2594 756 2672 intellegat
777 2596 902 2674 populus
922 2595 1077 2665 Romanus,

109 2689 205 2741 tamen
219 2680 291 2741 relle
305 2679 466 2741 manufesta
482 2679 574 2755 magis
590 2697 625 2740 ex
646 2677 694 2738 illo
712 2677 836 2740 habere:
856 2679 881 2739 si
894 2695 996 2740 rerum
1010 2696 1079 2757 ape·

74 2764 180 2831 perlat,
202 2762 232 2821 in
250 2762 307 2822 lide
325 2769 354 2822 et
375 2762 526 2824 clementia
538 2761 638 2840 populi
652 2761 775 2822 Romani
788 2777 924 2838 magnam
942 2779 1024 2841 spem
1038 2761 1078 2824 illi

108 2847 208 2915 sitam,
230 2845 276 2904 sin
295 2845 428 2913 reticeat,
457 2861 516 2904 non
536 2847 622 2906 sociis
636 2843 721 2905 saluti
741 2844 818 2915 iore,
838 2852 883 2906 set
902 2862 934 2906 se
953 2864 1078 2925 suasque

108 2944 176 3008 spes
192 2931 412 3004 conrupturum.
438 2926 555 2996 Ileiude,
569 2927 621 2989 ubi
635 2927 786 2989 Memmius
801 2929 918 2990 dicundi
932 2929 1018 2990 linem
1037 2929 1077 2990 le·
1088 2934 1126 2995 st

109 3014 149 3074 cit
174 3017 203 3074 et
219 3008 359 3087 Iugurtha
375 3008 553 3086 respondere
568 3012 662 3072 iussus
675 3018 727 3081 est,
749 3011 783 3072 G.
800 3011 923 3074 Baebius
944 3013 1077 3073 trIbunus

109 3094 218 3173 plebei,
235 3110 322 3171 quem
337 3091 460 3170 pecunia
475 3100 649 3170 conruptum
669 3112 757 3172 supra
772 3096 904 3164 diximus,
920 3111 1021 3170 regern
1036 3100 1077 3152 ta·

76 3195 178 3244 escere
196 3175 285 3246 iubet,
306 3193 340 3236 ac
353 3174 468 3236 tametsi
483 3173 644 3246 midtitudc,
667 3195 741 3255 quae
761 3179 792 3238 iii
812 3179 946 3239 contione
968 3175 1076 3246 aderat,

111 3258 297 3321 vehementer
310 3258 434 3320 adcensa
448 3255 577 3319 terrebat
592 3277 659 3320 eum
680 3258 808 3321 clamore
824 3258 912 3328 voltu,
934 3275 1021 3336 saepe
1034 3259 1077 3318 in·

110 3338 179 3420 pelu
200 3348 287 3422 atque
307 3341 369 3404 aliis
390 3340 523 3402 cmiiibus
545 3358 619 3419 quae
641 3343 684 3403 iia
705 3342 769 3404 lieri
790 3348 876 3411 amat,
897 3341 962 3401 ricit
981 3347 1078 3402 tanuen

110 3425 285 3504 inpudentia.
323 3424 364 3485 lta
378 3425 503 3503 populus
515 3423 640 3486 ludibrio
656 3425 772 3488 habitus
786 3443 823 3486 ex
837 3425 970 3485 contione
986 3424 1103 3491 disce-2
