2422 3854
116 193 156 260 88
353 216 398 258 nn
417 215 521 256 annno
543 213 744 258 tvcvnroneo
768 213 798 258 c.
819 203 864 260 86.

90 372 147 427 tet
166 364 335 443 superbiam
357 369 481 423 aetatem
497 378 594 439 agere.
627 360 679 422 Set
699 361 770 422 mihi
792 368 895 423 contra
917 379 951 422 ea
969 360 1102 427 videtur:

115 466 185 510 nam
211 465 270 525 quo
289 446 382 525 pluris
405 451 450 505 est
469 446 608 505 univorsa
625 444 808 525 respublica
822 461 911 524 mam
932 443 1102 508 consulatus

118 538 168 593 aut
181 536 335 610 praetura,
358 545 394 589 eo
407 529 519 589 maiore
533 545 605 589 cura
618 527 697 590 illam
711 528 907 588 administrari
923 545 1012 606 quam
1026 529 1102 592 baec

90 616 176 695 epoti
191 611 310 674 debere.
336 611 438 689 Neque
452 629 501 673 me
515 609 602 680 fallit,
619 617 760 690 quantum
771 629 840 672 cum
846 627 986 672 maxumo
995 609 1104 672 beneti-

114 711 159 771 cio
171 712 270 766 vostro
282 700 383 778 negoti
399 699 568 760 sustineam.
584 693 698 757 Bellum
715 712 821 773 parare
837 693 923 756 simul
941 702 970 757 et
984 699 1123 758 aerarios

115 797 249 861 parcere,
268 796 375 858 cogere
390 778 427 839 ad
442 778 573 840 militiam
588 795 639 838 eos
656 795 730 857 quos
742 778 818 839 nolis
833 778 1006 849 obiendere,
1021 780 1101 842 domi

116 864 246 943 lorisque
266 864 364 924 omnia
377 879 497 931 curare,
521 868 551 923 et
565 878 600 923 ea
614 879 703 940 agere
718 863 794 922 inter
811 859 925 922 invidos
941 879 1100 925 occursan-

90 948 152 1009 ttis
174 947 310 1008 factiosos
325 946 476 1026 opinione,
499 943 639 1015 Quirites,
662 947 796 1025 asperius
810 950 863 1006 est.
897 944 942 1006 dd
955 945 1028 1015 boc,
1051 947 1100 1008 alii

115 1032 140 1091 si
154 1029 321 1111 deliquere,
341 1035 425 1090 retus
442 1026 596 1098 nobilitas,
618 1029 763 1089 maiorum
778 1028 864 1089 iortia
877 1028 970 1099 iacta,
990 1047 1098 1108 cogna-

114 1122 214 1176 torum
233 1120 263 1174 et
282 1113 421 1174 adfinium
450 1129 536 1190 opes,
565 1111 673 1172 mtdtae
700 1111 865 1181 clientelae,
897 1114 994 1173 omnia
1023 1112 1131 1175 baecn

115 1197 261 1277 praesidio
281 1196 403 1258 adsunt:
420 1194 492 1255 mibi
513 1209 581 1272 spes
600 1211 702 1256 omncs
729 1196 759 1255 in
781 1202 891 1257 memet
910 1197 996 1264 sitae,
1026 1214 1100 1274 quas

116 1297 238 1342 necesse
264 1286 308 1340 est
327 1280 435 1340 virtute
455 1284 485 1339 et
504 1279 670 1339 innocentia
689 1279 793 1340 tutari:
817 1297 885 1340 nam
907 1278 963 1339 alia
983 1279 1100 1341 infirma

92 1372 195 1429 esunt.
232 1363 269 1424 Ilt
282 1361 353 1424 illud
370 1360 516 1440 intellego,
539 1360 674 1431 Quirites,
693 1363 824 1423 omnium
839 1379 892 1422 ora
913 1363 944 1422 in
961 1379 1010 1424 me
1029 1380 1100 1424 con·

117 1463 203 1508 rorsa
226 1463 308 1517 esse,
330 1442 440 1525 aequos
457 1444 609 1524 bonosque
630 1445 729 1506 farere
753 1479 788 1489 -
806 1447 914 1526 quippe
935 1462 1002 1507 mea
1023 1446 1100 1508 bene

118 1531 195 1592 iacta
215 1532 260 1591 rei
279 1528 414 1608 publicae
436 1529 601 1607 procedunt
621 1561 674 1598 -,
697 1527 876 1590 nobilitatem
898 1528 996 1589 losum
1019 1531 1133 1590 inea-aa

91 1615 204 1679 adanu
219 1631 372 1693 quaerere.
402 1611 467 1682 Quo
480 1611 553 1672 mibi
564 1612 661 1673 acrius
672 1612 862 1674 adnitundum
873 1619 931 1681 est,
947 1613 990 1673 uti
1000 1630 1100 1692 neque

92 1713 168 1762 tvos
184 1696 339 1774 capiamini
357 1704 386 1756 et
399 1694 440 1756 illi
455 1695 565 1755 trustra
578 1697 643 1756 siut.
682 1694 725 1756 Ita
744 1697 781 1758 ad
799 1696 856 1757 hoc
873 1685 973 1757 aetatii
993 1712 1099 1774 apue·

115 1781 182 1842 ritia
203 1779 258 1850 lui,
280 1781 324 1840 uti
345 1780 439 1839 omnis
462 1778 580 1840 labores
600 1785 630 1840 et
649 1779 779 1858 pericula
802 1785 940 1840 consueta
961 1778 1098 1840 habeam.

91 1865 200 1937 aQuae
213 1869 281 1924 ante
295 1869 393 1923 rostra
407 1861 542 1924 benificia
557 1864 683 1939 gratuito
698 1862 851 1933 faciebam,
870 1881 904 1924 ea
919 1863 962 1923 uti
979 1872 1099 1941 accepta

92 1947 256 2015 emercede
270 1946 416 2017 deseram,
430 1963 491 2007 non
505 1952 550 2006 est
564 1945 725 2015 consilium,
744 1947 880 2018 Quirites,
908 1944 968 2007 lllis
983 1946 1133 2008 difficilest

116 2037 160 2094 est
174 2032 204 2090 in
218 2028 412 2108 potestatibus
421 2036 595 2106 temperare,
612 2031 662 2108 qui
675 2047 729 2108 per
745 2029 934 2091 ambitionem
949 2047 1014 2092 sese
1030 2046 1099 2107 pro·

116 2115 171 2175 bos
185 2112 375 2174 simulavere:
398 2111 481 2181 mihi,
497 2114 548 2190 qui
568 2130 686 2174 omnem
701 2119 826 2175 aetatem
841 2115 871 2173 in
888 2114 1015 2191 optumis
1030 2115 1098 2174 arti·

116 2197 173 2257 bus
191 2197 246 2272 egi,
262 2195 339 2256 bene
353 2195 451 2256 lacere
464 2195 522 2256 iam
535 2215 570 2257 ex
585 2197 841 2258 consuetudinem
855 2203 991 2257 naturam
1001 2199 1097 2258 vortit.

77 2297 109 2348 to
201 2277 315 2340 Bellum
336 2296 384 2340 me
404 2295 510 2357 gerere
526 2299 594 2342 cum
608 2279 751 2358 lugmtba
767 2281 905 2350 iussistis,
925 2298 1013 2360 quam
1034 2298 1099 2341 rem

116 2363 252 2424 nobilitas
270 2378 444 2440 aegerrume
465 2362 539 2425 aaut.
584 2364 715 2436 Quaeso,
746 2369 882 2442 reputate
904 2382 972 2425 cum
993 2366 1131 2426 animtse

115 2448 236 2516 vostris,
264 2446 378 2507 numid
400 2449 507 2508 mutari
527 2446 631 2509 melius
653 2447 702 2516 sit,
727 2449 751 2508 si
774 2464 863 2525 quem
883 2465 919 2508 ex
941 2447 990 2508 illo
1010 2447 1098 2525 globo

116 2528 273 2591 nobilitatis
288 2530 325 2590 ad
340 2529 397 2590 hoc
411 2538 462 2590 aut
476 2530 555 2592 aliud
567 2530 626 2592 tale
638 2532 790 2608 negotium
804 2532 932 2599 mittatis,
949 2531 1099 2592 bominem

116 2615 221 2676 veteris
237 2614 392 2691 prosapiae
406 2629 441 2674 ao
456 2613 615 2675 multarum
628 2615 789 2690 imaginum
801 2622 829 2673 et
843 2613 952 2674 nullius
961 2615 1099 2693 stipendi:

116 2696 226 2757 scilicet
239 2702 273 2757 ut
287 2697 317 2756 in
332 2702 412 2757 tanta
430 2714 465 2757 re
479 2698 599 2773 ignarus
614 2697 745 2757 omnium
759 2696 886 2775 trepidet
903 2697 1034 2768 festinet,
1049 2716 1097 2758 su-

78 2796 105 2846 tl
116 2787 177 2839 mat
190 2778 317 2857 aliquem
333 2797 368 2840 ex
382 2780 492 2858 populo
502 2782 678 2840 monitorem
693 2779 771 2839 offici
789 2781 843 2841 sui.
866 2781 907 2842 lta
923 2782 1098 2860 plerumque
1107 2798 1133 2840 ao

117 2863 221 2931 evenit,
244 2863 286 2922 uti
301 2879 390 2941 quem
404 2880 456 2923 ros
474 2864 624 2942 imperare
644 2864 786 2937 iussistis,
816 2868 842 2927 is
866 2865 951 2947 [sibi]
969 2867 1098 2941 impera-

77 2953 211 3014 12torem
227 2944 315 3007 alium
330 2953 460 3027 quaerat,
500 2949 595 3024 Atque
617 2961 672 3022 ego
691 2948 760 3016 scio,
784 2948 919 3019 Quirites,
942 2949 1001 3025 qui,
1016 2956 1097 3023 post-

117 3042 204 3110 quam
225 3029 358 3092 consules
380 3031 448 3092 iacti
470 3036 546 3098 sunt,
569 3033 599 3088 et
619 3036 683 3089 acta
698 3031 843 3096 maiorum
865 3040 894 3092 et
915 3029 1098 3091 Graecorum

116 3113 249 3176 militaria
265 3121 422 3192 praecepta
443 3113 544 3190 legere
562 3114 727 3191 coeperint:
750 3113 933 3194 praeposteri
946 3111 1096 3174 homines:

116 3216 184 3259 nam
204 3214 310 3274 gerere
332 3213 420 3276 quam
441 3197 505 3257 lieri
532 3203 666 3275 tempore
688 3200 848 3278 posterius,
877 3214 910 3256 re
932 3203 1020 3275 atque
1040 3215 1132 3257 usuaa

79 3294 105 3344 13
116 3284 198 3360 prius
216 3288 268 3342 est.
305 3279 467 3356 conparate
485 3297 574 3349 nunc,
591 3281 727 3352 Quirites,
743 3298 811 3342 oum
826 3280 944 3341 illorum
960 3280 1098 3359 superbia

116 3382 163 3424 me
187 3365 337 3426 hominem
356 3380 472 3423 novom.
512 3364 594 3434 Quae
614 3363 655 3425 illi
677 3365 779 3426 audire
800 3371 850 3425 aut
870 3362 970 3440 legere
992 3363 1096 3432 solent,

116 3462 218 3508 eorum
232 3456 347 3526 partem
367 3447 433 3517 vidi,
451 3446 506 3506 alia
528 3455 644 3526 egomet
658 3450 748 3526 gessi:
770 3464 846 3525 quae
866 3447 907 3508 illi
927 3447 1038 3514 litteris.
1064 3466 1097 3510 ea
