2422 3854
261 231 304 272 ns
326 229 431 274 annno
452 230 654 277 rvsvrmuuo
675 231 702 274 o.
724 225 766 281 39.
787 225 830 280 40.
852 225 894 280 lt.
1026 215 1066 281 63

91 377 210 440 lascivia
233 384 423 460 conruperat,
447 397 482 441 cx
506 381 588 459 copia
607 398 708 443 rerum
726 383 824 444 statuit
845 382 900 444 sibi
916 340 989 445 nihil
1007 384 1066 461 agi·

89 462 296 607 tanduinnterim
310 545 420 608 Romae
435 548 469 610 G.
484 547 626 609 Mamilius
639 548 807 611 Limetanus
820 550 957 611 uibunus
971 549 1068 628 plebci
1076 553 1119 615 40

90 631 273 708 rogationem
287 629 325 690 ad
338 629 479 708 populum
494 631 675 710 promulgat,
697 634 739 694 uti
756 640 947 712 quaereretur
961 634 992 694 in
1007 651 1066 705 eos,

63 731 216 792 squorum
233 711 352 773 consilio
366 712 506 790 Iugurtha
523 716 614 774 senati
629 715 746 777 decreta
759 716 944 794 neglegisset,
961 719 1068 797 quique

89 797 126 857 ab
149 815 184 858 eo
203 797 233 857 in
249 795 444 874 legationibus
459 794 509 858 aut
516 795 648 876 imperiis
654 799 794 878 pecunias
810 801 999 878 accepissent,
1018 801 1069 880 qui

90 879 260 960 elephantos
275 881 383 959 quique
402 879 541 958 perfugas
561 881 760 953 tradidissent,
781 885 851 944 item
873 883 974 962 quide
994 900 1067 962 pace

88 971 138 1025 aut
158 963 235 1025 bello
258 981 325 1026 oum
346 963 478 1026 hostibus
493 965 641 1044 pactiones
659 965 803 1028 iecissent.
833 966 907 1028 lluic
921 967 1091 1044 rogationis

88 1048 194 1126 partim
211 1050 320 1110 conscii
333 1047 403 1118 sibi,
419 1047 467 1109 alii
481 1066 517 1109 ex
532 1051 659 1126 partium
669 1050 773 1111 invidia
788 1051 918 1127 pericula
934 1055 1067 1111 metuen-

53 1148 80 1192 so
89 1137 148 1202 tes,
165 1134 302 1211 quoniam
319 1138 419 1210 aperte
434 1134 571 1193 resistere
585 1150 645 1193 non
663 1139 799 1212 poterant
815 1135 885 1212 quin
903 1133 951 1195 illa
968 1140 997 1194 et
1012 1131 1067 1194 alia

88 1214 156 1277 talia
171 1214 289 1294 placere
302 1214 357 1275 sibi
367 1216 538 1285 faterentur,
555 1215 668 1277 occulte
683 1235 737 1294 per
753 1219 862 1278 amicos
877 1236 911 1280 ac
930 1233 1067 1279 maxume

88 1317 143 1378 per
161 1299 296 1359 homines
316 1299 442 1359 nominis
462 1298 556 1358 Latini
576 1306 606 1359 et
626 1301 721 1359 socios
741 1299 855 1361 italicos
870 1301 1067 1380 inpedimenta

88 1381 242 1460 parabant.
286 1381 336 1442 Set
355 1380 456 1460 plebes
476 1380 646 1442 incredibile
667 1389 831 1442 memoratu
854 1389 896 1443 est
918 1401 1006 1462 quam
1023 1384 1095 1449 ima

89 1471 170 1526 teuta
195 1463 282 1526 inerit
304 1471 469 1544 quantaque
489 1465 517 1525 vi
537 1466 718 1541 rogationem
738 1466 868 1535 iusserit,
887 1466 979 1542 magis
1000 1466 1066 1526 odio

53 1566 81 1610 rs
91 1547 249 1609 nobilitatis
270 1550 317 1610 cui
334 1547 409 1609 mala
430 1548 479 1610 illa
500 1547 693 1627 parabantur,
717 1566 804 1627 quam
823 1567 892 1610 cura
909 1551 953 1610 rei
972 1548 1067 1628 publi-

92 1649 161 1693 cae:
184 1638 263 1693 tanta
277 1631 377 1693 lubido
392 1634 422 1692 in
436 1632 570 1711 partibus
585 1638 656 1693 erat.
678 1632 769 1710 igitur
788 1634 892 1693 ceteris
905 1639 985 1693 metu
999 1646 1094 1710 per-4

93 1713 180 1776 culsis
196 1715 234 1776 bl.
251 1716 388 1784 Scaurus,
407 1734 494 1795 quem
514 1717 642 1793 legatum
658 1715 771 1776 bestiae
792 1715 881 1777 luisse
902 1734 991 1794 supra
1016 1715 1067 1776 do·

12 1847 15 1851 .
93 1799 215 1867 suimus,
224 1800 299 1859 inter
308 1798 445 1859 laetitiam
456 1798 713 1877 plebisetsuorum
724 1798 832 1876 lugam,
843 1800 1068 1878 trepida‘etiam·

91 1888 154 1941 turn
180 1882 307 1951 civitate,
340 1898 407 1941 cum
429 1899 465 1942 ex
486 1880 609 1942 llamilia
633 1883 785 1958 rogatione
803 1888 864 1942 tres
889 1882 1068 1961 quaesitores

54 1971 281 2043 erogarentur,
312 1965 461 2035 effecerat,
491 1964 534 2025 uti
554 1965 617 2044 ipse
645 1965 676 2024 in
698 1983 733 2025 eo
760 1981 884 2026 numero
906 1972 1065 2025 crearetur.

92 2049 142 2109 Set
160 2049 290 2127 quaestio
312 2050 439 2110 exercita
457 2065 560 2127 aspere
574 2046 774 2126 violenterque
796 2066 831 2109 ex
846 2065 965 2109 rumore
980 2054 1010 2108 et
1023 2045 1094 2114 lus

90 2131 189 2193 bidine
210 2131 319 2211 plebis:
340 2140 373 2193 ut
393 2150 481 2210 saepe
496 2129 689 2202 nobilitatem,
712 2133 753 2192 sic
773 2150 806 2194 ea
820 2138 993 2212 tempestate
1005 2131 1067 2211 ple·

90 2214 159 2276 bern
180 2233 216 2276 ex
243 2214 378 2276 secundis
396 2215 487 2275 rebus
505 2214 656 2275 insolentia
678 2223 804 2293 ceperat.

176 2297 312 2358 Ceterum
332 2314 397 2358 mos
416 2299 541 2375 partium
564 2297 776 2377 [popularium]
795 2307 824 2358 et
842 2297 988 2377 [senatus]
1008 2297 1116 2358 lac-ll·

55 2383 204 2444 astionum
219 2398 253 2441 ac
271 2381 376 2441 deinde
393 2381 522 2439 omnium
536 2379 679 2439 malarum
694 2381 799 2440 artium
816 2381 917 2457 paucis
935 2385 1001 2440 ante
1017 2397 1068 2440 an·

91 2467 136 2526 nis
151 2464 262 2525 Romae
284 2469 365 2524 ortus
389 2469 433 2524 est
455 2463 512 2522 otio
533 2468 619 2540 atque
640 2461 815 2523 abundantia
837 2479 938 2523 earum
957 2479 1067 2532 rerum,

68 2612 70 2616 ,
93 2566 167 2626 quae
181 2549 275 2626 prima
289 2546 427 2608 mortales
442 2546 562 2607 ducunt.
592 2545 665 2605 Nam
687 2552 753 2606 ante
768 2545 972 2622 Carthaginem
991 2544 1095 2608 dele-2

90 2639 152 2692 tam
168 2632 294 2710 populus
316 2641 345 2693 et
365 2637 482 2693 senatus
496 2630 645 2691 Romanus
659 2628 772 2707 placide
789 2630 978 2707 modesteque
992 2629 1069 2689 inter

93 2731 125 2774 se
139 2731 203 2774 rem
217 2714 364 2792 publicam
373 2714 545 2784 tractabant,
558 2731 654 2791 neque
670 2713 779 2790 gloriae
790 2730 886 2791 usque
898 2712 1068 2773 dominatio·

56 2799 137 2858 sonis
149 2803 296 2857 certamen
312 2799 387 2859 inter
401 2800 470 2860 civis
484 2804 562 2859 erat:
578 2803 673 2858 metus
688 2796 799 2856 hostilis
813 2797 843 2856 in
857 2795 942 2858 bonis
958 2795 1069 2858 artibus

93 2882 236 2942 civitatem
252 2880 403 2942 retinebat.
438 2882 488 2943 Set
504 2880 556 2942 ubi
570 2880 618 2942 illa
634 2880 759 2941 formido
773 2879 921 2942 mentibus
936 2880 1067 2949 decessit,
1080 2890 1096 2942 3

92 2962 202 3026 scilicet
223 2980 266 3040 ea,
278 2980 353 3043 quae
368 2981 416 3024 res
431 2964 577 3025 secundae
593 2970 702 3033 amant,
724 2963 840 3026 lascivia
856 2970 943 3042 atque
965 2981 1067 3042 super·

91 3048 139 3109 bia
152 3049 307 3110 incessere.
338 3048 381 3110 lta
400 3049 477 3126 quod
496 3049 526 3108 in
541 3046 670 3108 advorsis
682 3048 773 3108 rebus
787 3055 956 3127 optaverant
969 3047 1100 3114 otium,4

91 3139 245 3212 postquam
265 3133 362 3211 adepti
380 3137 458 3201 sunt,
478 3132 608 3210 asperius
630 3131 822 3210 acerbiusque
837 3131 899 3192 luit.
938 3129 1099 3206 Namques

56 3232 217 3293 asooepere
238 3216 375 3278 nobilitas
397 3214 575 3292 dignitatem,
594 3214 721 3293 populus
733 3214 898 3275 libertatem
919 3213 949 3271 in
964 3209 1069 3271 lubidi-

91 3318 159 3362 nem
171 3306 298 3370 vortere,
315 3299 370 3361 sibi
385 3299 507 3378 quisque
521 3297 629 3358 ducere
643 3297 762 3359 trahere
777 3314 890 3376 rapere.
915 3293 957 3354 Ita
974 3295 1070 3355 omnia

91 3385 121 3444 in
137 3385 210 3446 duas
225 3384 316 3464 partis
334 3383 476 3445 abstracte
493 3387 574 3450 sunt,
591 3398 638 3442 res
653 3380 785 3460 publica,
809 3396 884 3456 quac
897 3377 992 3438 media
1007 3377 1069 3440 iue-

90 3475 152 3538 rat,
176 3467 339 3530 dilacerata.
375 3466 509 3528 Ceterum
522 3462 656 3526 nobilitas
678 3464 802 3527 factione
820 3462 913 3539 magis
930 3460 1096 3541 pollebato
