2422 3854
255 175 297 236 tt
377 194 420 236 ou
442 193 615 238 carrumars
636 193 875 238 courvaamoun
897 192 923 236 o.
945 183 988 238 th
1010 184 1052 238 45.
1074 183 1116 240 46.

259 342 345 403 aliter
365 340 436 402 haut
457 340 541 402 facile
567 359 618 402 ees
647 341 684 402 ad
711 346 824 402 tantum
844 343 993 418 negotium
1014 338 1113 419 inpelli
1137 357 1203 418 pc:

230 434 248 483 a
262 422 360 486 Ceteri
374 423 447 484 nihil
461 424 641 501 suspicantes
657 425 734 493 dant,
750 421 864 484 Cassius
878 431 970 486 seme
985 442 1020 486 eo
1035 423 1119 485 brevi
1132 432 1201 484 vent

259 526 328 570 rum
349 505 502 585 pollicetur
520 524 556 568 ac
573 507 661 587 paulo
678 513 745 568 ante
757 505 868 583 legatos
885 525 922 569 ex
935 507 1011 569 urbe
1030 507 1188 585 proticiscit

229 589 403 652 ahentulus
427 607 494 651 cum
521 591 562 652 eis
580 590 615 652 Τ.
638 589 817 651 Volturcium
840 591 985 669 quendam
1016 589 1204 652 Crotoniense

257 675 353 742 mittit,
368 679 401 734 ut
415 671 587 752 Allobroges
600 677 683 753 prius
693 692 781 753 quam
795 674 914 735 domum
928 682 1086 753 pergerent
1100 690 1168 735 cum
1210 719 1211 725 κ

229 755 339 817 stilina
359 756 425 818 data
442 764 529 836 atque
543 765 661 836 accepta
675 758 732 819 lide
746 759 912 819 societatem
929 759 1144 819 confirmarent.
1168 756 1211 834 lp

259 838 407 901 Volturcio
422 838 534 901 litteras
548 842 584 903 ad
598 841 748 903 Catilinam
762 840 820 911 dat,
837 858 960 920 quarum
976 839 1143 919 exemplum
1159 841 1189 900 in
1209 866 1211 893 ι

259 925 402 1000 scriptum
423 930 481 985 est:
504 925 585 996 ‘Quis
600 927 664 995 sim,
687 942 723 985 er
738 942 774 985 eo
790 941 878 1003 mem
892 925 929 986 ad
942 931 972 986 te
985 925 1051 986 misi
1065 939 1209 1001 cognosce

230 1005 318 1068 crac
340 1008 466 1084 cogites,
485 1009 516 1067 in
534 1015 641 1086 quanta
658 1007 820 1069 calamitate
837 1009 892 1079 sis,
914 1014 943 1069 et
961 1007 1128 1069 memineris
1148 1013 1178 1068 tc
1201 1031 1205 1045 ·

256 1107 325 1151 rum
341 1107 421 1150 esse:
440 1090 607 1152 consideres
617 1091 687 1169 quid
701 1099 768 1152 tuae
778 1093 905 1153 rationes
919 1091 1080 1170 postulent:
1096 1109 1112 1152 a
1156 1092 1183 1105 '‘

230 1179 339 1249 opetas
353 1172 390 1233 ab
405 1172 551 1242 omnibus,
567 1174 654 1235 etiam
668 1173 705 1235 ab
716 1173 839 1235 indmis’.
861 1175 905 1236 bd
919 1175 977 1237 hoc
987 1175 1122 1237 mandata
1136 1173 1207 1234 verb

257 1256 322 1317 dat:
350 1274 417 1318 cum
431 1255 468 1317 ab
482 1263 585 1317 senatu
594 1256 686 1318 hostis
693 1257 836 1319 iudicatus
848 1261 893 1329 sit,
910 1276 968 1337 quo
982 1257 1103 1326 consilio
1116 1259 1193 1317 servi

256 1339 409 1416 repudiet?
428 1341 459 1400 in
478 1338 553 1401 urbe
573 1347 675 1418 parata
689 1359 753 1402 esse
773 1360 848 1420 quae
865 1344 996 1404 iusserit:
1023 1360 1061 1403 ne
1079 1358 1136 1403 cun
1173 1361 1197 1389 ἰ

205 1418 246 1480 45
257 1423 320 1501 ipse
331 1424 453 1501 propius
467 1424 628 1486 adsedere.
659 1424 711 1486 llis
723 1424 813 1486 rebus
828 1428 866 1486 ita
881 1427 962 1495 actis,
977 1427 1131 1487 constituta
1145 1441 1184 1485 no
1209 1448 1211 1470 1

257 1523 313 1582 qua
331 1507 597 1584 proficiscerentur,
619 1507 721 1570 Cicero
738 1526 793 1586 per
809 1508 919 1586 legatos
938 1515 1042 1570 cuncta
1063 1508 1183 1569 edoctus
1209 1513 1211 1561 t

255 1587 369 1650 Valerio
390 1589 496 1652 Flacco
517 1598 546 1651 et
563 1591 597 1651 G.
619 1591 773 1669 Pomptino
793 1591 977 1668 praetoribus
993 1593 1183 1669 imperatui

255 1679 344 1749 ponte
359 1671 465 1734 Mulvio
479 1690 534 1751 per
547 1674 665 1735 iusidias
691 1674 882 1751 Allobrogum
903 1674 1055 1734 comitatus
1069 1672 1211 1750 deprehe

256 1755 341 1815 dant:
357 1771 422 1817 rem
438 1774 556 1817 omnem
570 1760 672 1835 aperit,
689 1759 771 1819 cidus
790 1759 882 1834 gratia
898 1756 1102 1818 mittebantur:
1124 1763 1204 1817 ceter

229 1840 298 1899 tuti
314 1838 390 1899 lacto
409 1856 483 1916 opus
496 1841 542 1910 sit,
565 1842 604 1901 ita
624 1849 711 1918 agant
724 1842 873 1920 permittit
908 1839 961 1910 illi,
982 1841 1115 1901 homines
1128 1838 1189 1900 mili
1208 1863 1210 1887 τ

257 1938 314 1990 res,
330 1923 392 1984 sine
402 1922 528 1985 tumultu
538 1924 690 2001 praesidiis
704 1924 860 1984 conlocatis
873 1925 958 1984 sicuti
967 1929 1156 2001 praeceptum
1171 1939 1211 1982 er

231 2004 370 2066 aocculte
390 2013 510 2083 pontem
526 2006 671 2068 obsidunt.
704 2007 861 2086 Postquam
876 2006 914 2067 ad
932 2007 961 2066 id
977 2004 1035 2066 loci
1057 2004 1145 2084 legati
1165 2021 1182 2066 c

256 2086 404 2149 Volturcio
418 2107 541 2160 venere,
562 2089 651 2152 simul
666 2091 815 2169 utrimque
829 2088 941 2150 clamor
960 2096 1078 2150 exortus
1091 2097 1143 2152 ast.
1159 2089 1211 2150 Ga

229 2172 315 2232 «scito
331 2173 446 2247 cognito
462 2173 581 2234 consilio
596 2176 659 2234 sine
673 2189 756 2234 mora
768 2171 954 2249 praetoribus
968 2189 1000 2234 se
1016 2171 1143 2234 uadunt
1166 2171 1208 2230 Vo

257 2254 368 2315 turcius
379 2255 476 2332 primo
492 2256 660 2318 cohortatus
674 2264 787 2317 ceteros
801 2252 896 2332 gladio
912 2273 944 2316 se
956 2255 1166 2318 amultitudine
1180 2255 1211 2316 d:

256 2337 358 2407 tendit,
381 2338 486 2400 deinde
500 2339 552 2401 ubi
565 2356 582 2399 a
596 2339 697 2418 legatis
712 2340 846 2400 desertus
859 2348 912 2409 est,
928 2339 1019 2400 multa
1038 2340 1121 2417 prius
1135 2339 1172 2400 de
1206 2379 1209 2389 ·

255 2419 316 2481 lute
329 2421 579 2501 sua'Pomptinum
592 2421 761 2492 obtestatus,
773 2422 852 2502 quod
861 2423 889 2483 ei
899 2429 986 2484 notus
995 2431 1067 2491 erat,
1082 2428 1194 2500 postre
1210 2459 1211 2472 η

255 2504 373 2565 timidus
396 2507 525 2566 accitae
547 2504 680 2565 diflidens
701 2505 780 2566 velut
807 2504 939 2565 hostibus
960 2522 1025 2565 sese
1046 2502 1194 2582 praetorib

257 2587 343 2649 dedit.

204 2668 246 2732 46
339 2671 451 2742 Quibus
464 2671 555 2733 rebus
567 2669 706 2730 conlectis
721 2673 817 2730 omnia
827 2686 954 2747 propere
964 2687 1019 2747 per
1029 2672 1147 2732 hundos
1160 2687 1195 2731 co

229 2753 310 2817 asuli
324 2753 518 2816 declarantur.
555 2755 592 2813 nt
612 2752 693 2814 illum
714 2753 816 2828 ingens
833 2770 904 2813 cura
919 2763 1007 2831 atque
1024 2753 1131 2816 laetitia
1145 2754 1199 2814 sim

255 2853 450 2913 occupavere:
472 2855 540 2897 nam
561 2835 723 2898 laetabatur
742 2834 913 2912 mtehegens
934 2838 1132 2900 coniuratione
1148 2852 1187 2914 pa
1206 2860 1211 2887 ι

253 2919 330 2979 facta
345 2921 487 2981 civitatem
500 2919 638 2998 periculis
652 2927 782 2997 ereptam
803 2936 882 2990 esse,
904 2936 1002 2997 porro·
1015 2930 1113 2983 autem
1127 2919 1195 2978 anxi

255 3010 319 3064 erat
338 3001 474 3063 dubitans
486 3004 517 3064 in
531 3008 668 3066 maxumo
682 3001 793 3065 scelere
810 3005 896 3065 nnus
913 3004 1023 3066 civibus
1041 2999 1204 3079 deprehcns

255 3086 324 3166 quid
345 3085 422 3146 iacto
437 3103 510 3164 opus
532 3095 623 3148 esset:
647 3103 772 3166 poenam
788 3086 904 3150 illorum
926 3087 981 3148 sibi
1001 3078 1094 3153 oneri:
1114 3084 1163 3161 inp
1193 3108 1197 3136 ι

228 3173 343 3232 atatem
362 3170 532 3247 perdundae
547 3173 590 3232 rei
604 3170 740 3249 publicae
756 3171 820 3232 lore
842 3170 989 3232 credebat.
1009 3167 1101 3245 lgitur
1122 3184 1170 3226 ι
1186 3179 1191 3218 ι·

254 3265 332 3315 mato
347 3255 444 3315 animo
460 3256 559 3317 uocari
573 3255 609 3316 ad
623 3273 687 3316 sese
703 3255 784 3316 iubet
797 3252 952 3314 Lentulum
978 3251 1138 3328 Cethegum
1164 3248 1184 3310 S
1203 3292 1206 3299 .

254 3337 347 3397 tilium'
355 3336 520 3409 Gabinium,
532 3334 833 3417 itemque[queudam]
842 3335 1017 3413 Caeparium
1037 3333 1207 3395 Tarracina

253 3437 327 3488 sem,
343 3424 393 3497 gui
403 3422 432 3481 in
442 3421 575 3501 Apuliam
586 3422 623 3482 ad
635 3421 805 3481 concitanda
815 3420 929 3480 servitia
939 3417 1084 3494 proticisci
1098 3416 1207 3496 paraba
